1828 2926
365 109 484 160 EPODI.
501 111 525 158 b.

103 239 155 290 Per
165 241 226 290 hoc
219 255 288 290 mane
298 255 407 304 purpure
417 241 496 299 decus,
506 253 594 304 precor,

140 307 187 354 Per
197 306 382 370 improbaturum
391 304 442 352 hnc
452 305 470 352 J
471 319 546 364 ovem,

107 370 183 430 Quid,
194 379 222 418 ut
232 385 337 430 noverca,
348 385 387 418 me
397 368 502 431 intueris,
513 375 554 416 aut
563 367 601 416 uti

140 435 217 483 Petita
226 435 287 482 ferro
296 433 392 482 bellua?

106 499 142 548 Ut
152 500 203 548 haec
213 507 324 547 tremente
334 507 429 575 questus
440 512 479 546 ore
489 497 591 547 constitit

138 564 274 627 Insignibus
284 563 355 626 raptis
382 579 431 624 uer,

105 629 210 692 Impube
221 644 312 692 corpus,
321 580 393 692 quale
403 634 479 692 possm
489 626 562 691 impia

138 693 236 742 Mollire
247 693 367 740 Thracum
377 700 486 756 prectora

104 757 214 816 Canidia,
221 757 330 806 brevibus
339 757 489 820 implicata'
468 755 551 819 ruperis

138 821 221 870 Crines
231 829 254 870 et
263 821 392 869 incomtum
402 829 480 885 caput,

105 885 232 950 Jubetsep
233 885 302 934 ulcris
313 885 430 950 caprificos
441 893 525 946 erutus,

139 951 159 998 J
160 953 216 999 ubet
226 965 346 1026 cupressus
339 903 472 1012 pfunebres,

104 1014 140 1064 Et
150 1023 221 1063 uncta
231 1016 306 1078 turpis
316 1029 360 1064 ova
369 1029 431 1063 rame
441 1015 560 1092 sanguine,

138 1079 297 1144 Plumamque
306 1087 423 1128 nocturnae
434 1080 519 1142 strigis,

103 1143 253 1208 Herbasque,
265 1159 323 1208 quas
334 1145 409 1192 Iolcos
420 1152 491 1207 utque
500 1143 577 1194 Iberia

138 1209 218 1256 Mittit
227 1223 368 1256 venenorum
379 1209 452 1269 ferax,

104 1272 140 1320 Iit
149 1289 201 1321 ossa
211 1275 241 1321 ab
252 1288 290 1320 ore
300 1282 367 1336 raptu
375 1274 462 1334 jejune
471 1273 542 1333 canis,

129 1338 254 1386 Flammis
264 1337 331 1385 aduri
342 1337 464 1386 Colchicis.

104 1402 143 1450 At
153 1399 261 1466 expedita
271 1403 371 1466 Sagana,
383 1418 424 1466 per
434 1410 507 1450 totam
517 1400 614 1449 domurn

138 1468 255 1531 Spargens
265 1467 394 1515 Avernales
405 1482 486 1530 aquus,

103 1531 193 1580 Horret
203 1531 300 1596 capillus,
312 1539 339 1579 ut
348 1531 452 1579 marinus
454 1529 566 1596 ,asperim

136 1596 252 1656 Echinus,
264 1605 305 1644 aut
315 1611 407 1644 currens
418 1611 480 1660 aper.

102 1660 198 1709 Abacta
207 1631 275 1708 nulli
284 1661 345 1710 Veia
355 1661 501 1724 conscientie,

136 1726 268 1788 ligonibus
278 1725 342 1772 duris
351 1725 452 1774 humum

10 1863 12 1868 Ι
103 1790 292 1850 Exhauriebut,
285 1793 404 1852 ingemens
413 1790 545 1850 laboribus,

137 1854 194 1912 Quo
191 1863 281 1966 plooset
290 1855 390 1902 infossus
400 1869 458 1916 puer

248 1917 283 1966 bis
293 1927 373 1982 terque
381 1926 479 1967 mutatur
489 1917 556 1982 dapis

104 1917 238 1984 Iaongo'e

135 1982 241 2030 Inemori
251 1982 396 2046 spectaculo3

103 2045 167 2096 Cum
180 2047 319 2109 promineret
329 2061 375 2108 oro,
387 2056 502 2112 quantun
512 2055 604 2097 exstem
613 2045 677 2114 aqui

134 2113 254 2174 Suspensa
264 2119 343 2160 mento
353 2127 467 2174 corporar

71 2223 73 2226 .
100 2168 224 2252 ¹{Exusta}
236 2176 271 2222 uti
281 2175 393 2236 medulla,
404 2185 427 2225 et
437 2177 546 2226 aridum'
535 2192 601 2240 Jecur

126 2241 233 2288 'Amons
244 2248 303 2288 esset
310 2241 441 2304 porinum,

104 2304 258 2352 Interminato
268 2319 322 2352 cum
333 2305 404 2352 semel
414 2307 468 2355 fixae
477 2306 529 2356 cibo

135 2368 294 2417 Intabuissent
303 2385 336 2432 pu
337 2369 405 2433 pulae.

104 2433 161 2485 Non
172 2433 271 2482 defirisse
280 2435 390 2482 masculae
400 2434 503 2484 libidinis

136 2497 311 2546 Ariminensem
321 2497 422 2562 Foliam,

105 2563 138 2612 llt
148 2561 222 2610 otiosa
232 2562 327 2610 credidit
337 2563 458 2626 Neapolis,

136 2625 171 2678 Et
180 2641 249 2676 omne
262 2627 364 2676 vicinum
374 2628 504 2692 oppidum,
