1842 2920
289 88 483 142 EPISTOLAE.
498 89 521 140 1.
539 91 577 138 lo.
721 89 769 138 2⁰1

98 219 268 271 Dissimulator
277 221 327 286 opis
336 221 443 288 propris,
454 221 515 269 mihi
525 217 661 269 eommorlui
670 217 720 268 uni.

99 287 139 336 Sic
149 301 201 350 ego,
212 287 307 349 majoris
316 286 408 350 fugiens
417 285 542 362 opprobrie
552 285 636 348 culpae,
742 282 773 330 lo

98 352 192 400 Frontis
203 352 234 400 sd
244 355 338 400 urbenae
348 351 456 400 descendi
466 349 570 416 premis.
594 347 696 408 Quodsi

98 415 240 480 Depositum
250 416 332 464 nudas
342 417 372 464 ob
383 415 452 464 emisi
460 417 525 476 jussa
534 414 657 479 pudorem,

97 480 178 530 Scribe
187 483 223 530 tui
233 481 308 545 gregis
318 481 389 543 hune,
402 489 425 530 et
434 480 518 529 fortem
528 479 594 541 eretle
604 481 746 541 bonumque.

321 677 501 728 EPISTOLA
517 677 552 727 X·

285 808 445 858 AdFuroum
455 808 586 856 Aristium.
620 799 626 812 “

97 936 173 986 Urbis
184 945 310 986 amatorem
322 937 425 1002 Fuscum
437 938 524 986 salvere
532 938 643 1000 jubemm

99 1002 176 1050 Ruris
186 1012 307 1060 amatores,
318 1001 362 1050 hae
372 1002 397 1048 in
408 1017 433 1050 re
444 1002 529 1050 scilieet
539 1001 588 1050 uni

99 1065 210 1115 Multum
220 1067 351 1128 dissimiles,
362 1075 387 1114 at
398 1076 479 1114 oaeters
488 1064 667 1131 prenegemelli,

100 1129 219 1186 Fraternis
230 1132 327 1188 animm
347 1131 461 1196 quidquid
471 1140 540 1195 neget
550 1131 616 1191 alter,
627 1138 651 1178 et
661 1130 733 1190 alten

99 1196 240 1245 Annuimus
250 1196 343 1261 puriter,
355 1197 428 1244 retuli
438 1197 532 1260 notique
542 1195 651 1244 oolumbi.
756 1196 772 1242 5

62 1313 66 1320 ,
100 1259 143 1308 'l'u
154 1261 237 1309 nidum
247 1276 338 1318 servas3
356 1277 400 1324 ego
410 1260 480 1309 lsudo
489 1261 548 1308 ruris
558 1259 643 1308 amoeni

99 1325 184 1386 Rima,
196 1335 219 1374 et
228 1341 308 1374 museo
319 1325 447 1374 circumlita
458 1341 521 1385 sexa,
533 1341 668 1388 nemusque.

100 1389 169 1448 Quid
180 1391 282 1455 quaerisi
299 1391 352 1439 viro
362 1400 385 1439 et
395 1405 474 1454 regno,
486 1391 556 1438 simul
566 1389 610 1437 iste
620 1389 712 1453 reliqui,

100 1454 164 1514 Quae
174 1469 215 1504 vos
225 1455 256 1503 ed
266 1455 349 1504 ooelum
360 1455 443 1503 effertis
453 1470 544 1502 rumore
555 1453 669 1502 seeundo:

98 1519 315 1583 thueseoerdotis
324 1519 446 1582 fugitivus,
457 1519 610 1574 libareouso3
741 1517 772 1564 1⁰

102 1583 170 1632 Perre
180 1601 245 1647 egeo,
254 1585 304 1646 jum
315 1583 409 1631 mellitis
419 1583 506 1646 potiore
516 1583 634 1646 placentis.
822 1604 826 1608 ·

99 1647 188 1696 Vivere
197 1657 286 1696 nature
297 1648 316 1695 si
327 1649 486 1696 convenienter
496 1655 593 1710 oportet,

98 1713 265 1777 Ponendaeque
275 1712 345 1760 domo
355 1711 479 1776 querendo
489 1721 524 1759 est
533 1729 585 1760 ures
594 1713 708 1777 primum,

100 1777 226 1826 Novistine
235 1777 313 1825 locum
324 1777 436 1840 potiorem
446 1792 499 1824 rure
509 1778 594 1825 boeto?

101 1841 157 1900 Est,
169 1843 210 1890 ubi
221 1842 274 1906 plus
285 1849 378 1906 tepeant
388 1841 495 1889 hiemes?
511 1841 553 1888 ubi
563 1841 648 1904 grstior
658 1857 715 1890 eum
742 1840 772 1888 15

99 1905 186 1954 Leniat
197 1915 220 1954 et
230 1905 318 1955 rabiem
329 1905 409 1966 Canis,
421 1914 444 1954 et
454 1914 572 1952 momente
583 1905 677 1965 Leonis,

100 1970 164 2017 Cum
175 1971 246 2018 semel
257 1970 345 2032 accepit
355 1970 428 2018 solem
438 1969 578 2017 furibundus
588 1969 702 2018 neutum?

100 2034 156 2093 Est,
168 2036 210 2081 ubi
221 2035 315 2082 divellat
326 2049 418 2082 somnos
429 2034 507 2081 minus
517 2033 596 2081 invide
606 2034 676 2083 eura?

100 2098 211 2146 Deterius
222 2099 318 2162 Libycis
328 2099 375 2147 olet
385 2107 427 2146 sut
437 2098 495 2145 nitet
504 2097 576 2146 herba
585 2099 692 2163 lapillis?

101 2163 188 2210 Purior
197 2163 223 2210 in
234 2163 289 2212 visis
300 2163 446 2227 squslendit
456 2177 563 2225 rumpere
573 2164 707 2226 plumbum,
742 2165 775 2212 20

101 2228 185 2288 Quum
198 2245 251 2294 quae
266 2243 307 2291 per
322 2242 423 2292 pronum
437 2226 537 2290 trepidat
547 2243 601 2276 eum
611 2243 733 2278 murmure
743 2229 776 2276 ri·
813 2229 816 2236 '

201 2294 277 2343 vum?
669 2291 672 2299 '

104 2358 200 2422 Nempe
209 2359 269 2408 inter
279 2357 353 2407 verius
362 2356 464 2405 nutritur
474 2355 533 2403 silva
543 2355 672 2418 ¹uolumus,

103 2423 214 2472 Laudem
224 2463 226 2468 .
242 2437 272 2470 ue
282 2423 366 2470 (lomus
376 2421 459 2484 longos
469 2435 522 2483 qum
532 2419 643 2485 prospicit
653 2437 727 2484 agros.

102 2487 222 2534 Nstursm
248 2485 362 2551 expelles]
374 2487 448 2545 furcis,
462 2492 540 2532 tomen
550 2499 626 2548 usque
635 2493 743 2546 recurret,

101 2550 138 2598 Et
149 2550 212 2598 mels
222 2558 357 2614 perrumpet
367 2550 448 2597 iirrtim
458 2548 552 2597 fmfitlio
561 2549 652 2598 victrix.
745 2547 777 2596 25

102 2614 170 2676 Non,
182 2615 224 2679 qui
234 2613 330 2666 Sidonio
340 2613 476 2664 oontendere
486 2611 656 2664 ouilidusostro
803 2633 806 2642 s
