1828 2926
335 97 427 148 ODAE.
445 95 491 146 1v.
511 95 548 146 15.

367 347 441 397 Onu
457 345 515 394 XV.

333 480 443 541 Augusti
454 477 555 526 Laudes.

106 607 210 656 Phoebus
221 607 336 655 volentem
345 605 426 681 proelia
435 621 474 652 me
483 603 557 668 loqui,

105 673 188 722 victas
198 680 222 720 ct
231 674 300 719 urbes
301 671 433 734 ‚increpuit
443 669 502 733 lyris,

139 738 178 784 Ne
189 752 260 800 parva
271 737 420 799 Tyrrhenum
430 750 472 796 per
482 747 560 797 equor

172 801 234 850 Vela
243 801 330 848 darem.
346 800 410 859 Tus,
421 799 509 857 Cesar,
520 805 575 845 aetas

106 866 198 929 Fruges
210 874 233 914 et
242 866 303 928 agris
313 864 402 912 retnrlit
411 866 502 924 uberes,

108 931 171 978 ΕΓ
153 945 220 994 sigua
229 940 306 978 nostro
316 929 415 978 restituit
425 927 491 986 Jovi,

139 993 243 1057 Derepta
254 994 394 1042 Parthorum
404 993 513 1068 superbis

172 1059 290 1119 Postibus,
301 1067 324 1106 et
333 1073 433 1108 vacumn
444 1056 526 1104 duellis

106 1125 198 1174 Janum
209 1123 304 1182 Quirini
313 1123 403 1198 clausit,
415 1131 446 1180 et,
457 1121 561 1170 ordinem

105 1190 210 1239 Rectum
221 1188 334 1251 evaganti,
346 1187 412 1236 frena
421 1187 520 1236 lioenfia

139 1253 232 1314 Injecit,
244 1253 374 1315 emovitque
385 1252 473 1314 culpus,

173 1317 207 1365 Et
217 1326 301 1366 veteres
310 1317 425 1364 revocavit
435 1325 509 1374 artcs3

107 1382 154 1431 Per
164 1397 239 1457 quas·
234 1382 347 1430 Latinum
358 1395 442 1430 nomen
453 1389 476 1430 ct
486 1379 553 1430 Itala

107 1445 239 1496 crevere
217 1461 275 1495 vires
276 1446 404 1509 ,famaque
415 1453 438 1494 ct
447 1445 531 1510 imperi

137 1512 247 1560 Por-recta
254 1512 361 1571 majestas
371 1510 401 1558 sd
411 1518 489 1559 οιιιιιιι

171 1575 233 1624 Solis
243 1577 273 1624 ab
284 1575 363 1638 Hespe
363 1575 397 1623 rio
407 1574 486 1624 cubili.

106 1640 211 1689 custode
221 1655 299 1688 rerum
310 1640 407 1700 cesare,
418 1655 465 1687 non
475 1639 539 1688 furor

109 1705 192 1755 Civilis
202 1705 288 1753 antris
302 1704 389 1754 eximet
398 1705 487 1761 otium·

139 1769 215 1818 Non
208 1785 251 1829 us,
263 1785 315 1832 quae
325 1769 431 1832 procudit
441 1783 515 1830 maes,

172 1835 207 1882 Et
216 1834 311 1882 miseras
320 1833 424 1882 inimicat
434 1835 509 1882 urbes·

106 1899 174 1959 Non,
186 1898 254 1963 quip
254 1897 380 1946 roirmdum
391 1885 528 1945 Danubium
538 1894 631 1954 bibunt,

106 1963 194 2014 Edicta
205 1978 257 2010 rum
258 1961 399 2026 pent-Iulia,
410 1969 458 2009 no'u
470 1963 543 2022 Getae,

140 2029 199 2077 Non
211 2028 284 2087 Seres,
258 1977 390 2074 peniniitlivc
401 2027 485 2087 Perse,

172 2093 230 2140 Non
238 2091 331 2140 Tanain
341 2106 413 2154 prope
423 2091 511 2140 flumen
521 2090 573 2138 orti.

108 2159 208 2233 Nosque
218 2165 241 2204 et
251 2155 355 2220 profestis
366 2156 456 2206 lucibus
466 2165 490 2204 ct
498 2155 576 2216 sacris,

108 2222 193 2270 Inter
183 2221 257 2282 Jocosi
266 2235 363 2268 munera
373 2220 461 2282 liberi,

140 2286 204 2335 Cum
215 2285 279 2347 prole
289 2285 446 2348 matronisque
455 2285 547 2345 nostris,

173 2349 230 2397 Rite
240 2349 303 2397 Deos
313 2349 378 2413 prius
388 2351 512 2412 appmcefi,

107 2415 202 2464 Virtute
212 2413 311 2475 iunctos,
323 2429 387 2462 more
396 2424 499 2476 patrum,
508 2414 594 2476 duces,

109 2478 182 2543 Lydis
193 2478 294 2526 remixto
303 2478 404 2527 carmine
414 2477 487 2539 tibiis

140 2544 286 2617 TroJamque
297 2551 319 2591 et
329 2542 449 2592 Anchisa]
460 2551 483 2590 ct
493 2543 561 2590 aimoe

173 2607 313 2670 Progeniem
323 2607 421 2658 Veneris
432 2619 547 2670 canemus.
