1864 2928
132 133 162 179 lo
195 177 196 180 ,
367 127 458 178 ODAE.
476 127 497 174 1.
517 127 554 181 17.

31 305 33 314 ,
129 259 256 322 Gompesoe
267 266 384 312 menteme
402 271 441 304 me
451 269 543 320 quoque
554 254 651 319 pectoris

163 323 273 372 Tentavit
283 322 308 368 in
319 321 382 370 dulei
391 319 488 382 juventi

195 389 288 446 Feruor,
301 395 324 433 et
333 387 357 434 iu
369 386 452 433 celeres
463 385 552 432 iambos

130 452 199 503 Misit
209 453 338 500 furentem:
356 465 419 497 nune
429 465 471 512 ego
482 449 578 496 mitibus

129 518 226 566 Mutare
236 531 314 580 quaero
324 514 413 573 tristia3
430 513 488 561 dum
499 512 558 560 mihi

163 581 217 630 Fies
228 581 348 630 recantatis
358 579 432 627 emine

195 644 341 710 Opprobriis,
352 645 504 707 animumque
514 641 602 690 reddas.

371 855 444 906 ODE
461 856 549 906 XVII.

350 1002 391 1049 Ae
405 1003 573 1064 Tyndaridem.

128 1130 206 1180 Velox
217 1147 334 1180 smoenum
346 1148 405 1194 serpe
416 1133 557 1180 Lucretilem

129 1195 211 1244 Mutat
221 1197 306 1260 Lyceo
317 1197 421 1254 Faunus,
433 1206 456 1245 et
466 1197 558 1260 igneam

161 1260 273 1308 Defendit
283 1258 385 1309 estatem
396 1262 489 1325 capellis

194 1325 275 1388 Usque
286 1326 344 1373 meis
353 1325 490 1389 pluviosque
501 1333 587 1374 ventos.

113 1411 114 1414 ¹
129 1387 232 1452 Impune
243 1399 320 1438 tutum
327 1406 372 1453 -per
382 1405 465 1438 nemus
476 1393 569 1438 arbutos

129 1452 246 1512 Quaerunt
255 1456 351 1502 latentes
361 1463 384 1502 et
395 1456 476 1518 thyma
487 1455 560 1503 devise

161 1518 253 1566 Olentis
263 1535 346 1566 uxores
357 1520 448 1566 mariti:

193 1583 244 1630 Nec
255 1583 337 1631 virides
348 1593 456 1632 metuunt
466 1584 579 1644 colubrasq

129 1647 180 1694 Nec
190 1647 305 1695 martiales
315 1647 426 1695 haeduleae
436 1648 517 1711 lup0s;

128 1711 263 1774 Utcumque
273 1712 344 1771 dulci,
357 1713 470 1776 Tyndari,
482 1713 561 1762 fistule

160 1775 249 1833 Valles,
262 1784 284 1823 et
295 1777 382 1824 Usticae
392 1777 498 1825 cubantis

192 1840 265 1889 levia
275 1845 412 1904 personuere
423 1858 485 1890 saxa.

128 1903 162 1952 Di
173 1919 211 1952 me
221 1914 316 1952 tuentur
322 1923 330 1964 ;
347 1906 393 1954 Dis
403 1907 476 1970 pietas
487 1921 539 1954 mea

127 1968 161 2017 Et
171 1984 238 2016 musa
249 1970 311 2017 cordi
322 1979 362 2017 est.
392 1972 440 2018 Hic
451 1971 494 2018 tibi
505 1970 571 2034 copies

160 2034 270 2082 Manebit
281 2034 310 2081 sd
320 2036 418 2098 plenum
428 2036 529 2098 benigno

150 2095 153 2102 '
192 2098 265 2164 Ruris
275 2099 390 2146 honorum
401 2100 510 2162 opulenta
521 2114 599 2148 semu.

127 2163 177 2210 Huc
187 2163 212 2210 in
223 2163 317 2210 redunt
327 2163 387 2211 velle
398 2163 508 2212 saniculae

95 2236 96 2240 ’
127 2227 220 2276 vitabis
232 2237 297 2287 etus,
309 2239 332 2275 et
342 2227 388 2274 fide
398 2227 460 2275 Tere

159 2291 230 2339 Dices
240 2293 369 2340 laborantes
379 2292 404 2338 in
415 2308 463 2340 uno

193 2357 324 2419 Penelopen
336 2357 478 2420 vitreamque
489 2357 579 2406 Circen.

128 2421 177 2470 Hie
187 2421 315 2468 innocentis
325 2421 408 2484 pocula
419 2422 498 2470 Lesbii

126 2485 206 2534 Duces
218 2487 261 2532 sub
272 2487 372 2540 umbria
390 2501 432 2532 neo
443 2487 570 2536 Semeleius

82 2591 85 2597 .
137 2605 140 2612 Δ
161 2549 223 2610 Cum
235 2550 314 2596 Marte
325 2549 450 2598 oonfundet
461 2551 590 2612 Thyoneus

193 2613 290 2672 ProeIiar
307 2627 349 2662 nes
359 2623 448 2662 metues
458 2623 591 2677 protervum
