1828 2926
310 107 463 158 sATIRm
475 108 559 157 1.-1o.'
722 109 768 156 153

95 236 175 288 Plura
184 236 280 302 quidem
290 237 391 285 uuerde
401 235 564 302 relinqumdis.
578 237 642 301 Age,
653 233 740 302 queso,

21 332 24 336 ·
97 301 694 366 'l'unibilinmsgnodoctusreprendiaflomerol
736 305 769 350 ts
822 294 824 298 ’
906 273 907 332 l

97 367 145 414 Nil
155 367 227 415 comis
237 367 318 430 tragici
328 374 403 414 mutat
414 367 519 415 Lucilius
529 367 607 415 Acci?

95 432 156 479 Non
167 431 226 478 ridet
236 447 314 479 versus
324 431 389 478 Enni
400 431 511 494 gravitate
521 431 629 491 minores,

95 495 162 543 Cum
173 495 203 542 de
213 511 238 544 se
247 495 357 559 loquitur,
369 509 415 542 non
426 505 454 542 ut
464 497 551 557 majore
561 497 704 559 reprensisi·
735 499 767 544 55

97 560 167 618 Quid
177 568 239 608 vetet
250 569 273 607 et
283 568 381 620 nosmet,
393 559 471 607 Lucili
482 560 566 623 scripta
575 560 686 624 legentes,

95 624 217 683 Quaerere,
226 629 283 671 num
293 625 364 683 illius,
376 639 434 670 num
445 639 521 672 rerum
532 625 589 672 dura
600 626 689 690 negisrit

95 688 230 736 Versiculos
240 696 323 736 nature
333 687 407 751 magis
417 687 488 736 factos
499 698 522 736 et
532 698 611 737 euntes

96 752 207 812 Mollius,
219 768 245 801 sc
256 752 346 817 siquis,
358 752 455 816 pedibus
466 753 523 816 quid
533 753 638 802 claudere
648 755 717 817 senis,

96 817 153 865 Hoc
163 826 263 874 tentum,
275 827 404 876 contentus,
416 827 478 864 amet
489 817 603 880 scripsisse
613 819 721 869 ducentos
734 822 767 869 60

95 882 163 928 Ante
174 883 250 929 cibum
262 897 349 939 versus,
360 881 455 928 totidem
465 885 587 930 coenmus?
604 883 697 932 Etrusci

95 945 176 1004 Quale
186 945 231 993 fuit
242 945 307 994 Cassi
318 945 398 1008 rapido
408 946 532 994 ferventius
540 947 604 994 amni

95 1009 232 1073 Ingenium,
248 1011 320 1073 capsis
331 1027 401 1074 quem
411 1011 475 1058 fama
485 1019 519 1058 est
530 1027 577 1058 esse
587 1011 698 1077 librisque

95 1075 243 1122 Ambustum
254 1074 357 1138 propriis.
374 1075 454 1122 Fuerit
465 1075 578 1135 Lucilius,
589 1077 695 1141 inquom,

97 1137 178 1186 Gumis
189 1149 212 1186 et
222 1141 339 1196 urbsnus3
359 1138 428 1186 fuerit
438 1139 538 1186 liniatior
548 1140 618 1201 idem,
733 1143 765 1191 65

96 1202 177 1262 Quem
189 1203 253 1250 rudis
264 1212 287 1250 et
298 1203 383 1250 Graecis
393 1203 473 1266 intacti
484 1204 591 1252 carminis
601 1215 689 1266 auctor,

96 1266 224 1332 Quamque
234 1268 355 1332 posterum
366 1268 481 1315 seniorum
492 1269 575 1324 turba3
593 1269 633 1316 sed
644 1269 692 1331 ille,

98 1331 125 1379 Si
135 1331 194 1379 foret
204 1332 248 1380 hoc
258 1341 361 1379 nostrum
373 1332 420 1380 fsto
431 1331 516 1379 dilatus
526 1332 551 1378 in
562 1348 646 1392 aevuin,
768 1371 771 1381 ι

14 1418 18 1426 ·
96 1395 218 1444 Detereret
228 1396 272 1444 sibi
281 1396 372 1453 mults3
390 1395 498 1444 recideret
508 1411 576 1444 omne
587 1398 650 1460 quod
660 1398 722 1446 ultra

95 1459 229 1508 Perfectum
242 1460 368 1508 traheretur
375 1478 383 1520 ;
400 1469 431 1520 et,
443 1459 468 1506 in
478 1475 544 1518 versu
555 1461 666 1524 faciendo,
732 1465 764 1521 70

95 1525 164 1588 Saepe
175 1533 244 1590 ceput
255 1526 365 1586 scaberet,
376 1525 439 1573 vivos
450 1533 472 1572 et
483 1525 571 1573 roderet
581 1541 677 1589 ungues.

95 1590 163 1652 Soepc
173 1589 253 1637 stilum
264 1597 349 1648 vertas,
357 1589 441 1638 iterum
453 1605 505 1653 quse
515 1589 585 1654 digna
595 1591 642 1654 legi
652 1591 706 1654 sint,

95 1653 243 1716 Scriptorum
264 1669 348 1728 neque,
360 1663 383 1701 te
393 1663 420 1701 ut
430 1653 525 1702 miretur
536 1657 611 1715 turba,
622 1656 720 1718 labores,

95 1716 226 1766 Contentus
266 1733 315 1766 uus
325 1718 453 1766 lectoribus.
470 1718 512 1766 An
522 1727 563 1766 tue
573 1719 667 1768 demens

94 1781 190 1830 vilibus
200 1783 225 1830 in
245 1781 296 1830 udis
306 1781 386 1830 dictari
396 1782 498 1830 carmina
507 1783 594 1831 molis?
731 1785 764 1841 75

94 1845 153 1894 Νοιι
163 1861 206 1910 ego
213 1861 295 1958 ςάἑικιιιιι
305 1847 360 1895 sads
371 1855 405 1894 est
415 1847 516 1911 equitem
525 1847 584 1894 mihi
594 1847 719 1910 plaudere;
736 1859 764 1900 ut

192 1927 223 1958 eu
271 1944 278 1970 ,

94 1973 225 2022 Contemtis
235 1976 295 2037 aliis,
307 1974 402 2040 exploso
411 1975 544 2024 Arbuscula
554 1975 620 2024 dixit

94 2038 164 2086 Men’
175 2051 267 2090 moveat
277 2040 351 2088 cimex
363 2040 495 2097 Pantilius3
513 2048 554 2088 aut
564 2041 656 2100 cruciet,
668 2037 731 2106 quod

93 2103 195 2152 Vellicet
205 2105 321 2152 absentem
332 2104 483 2153 Demetrius?
499 2113 540 2152 aut
551 2105 613 2168 quod
623 2105 714 2168 ineptus

92 2167 199 2215 Fannius
210 2168 364 2232 Hennogenis
373 2169 443 2216 laedat
453 2169 548 2217 conviva
558 2169 665 2232 Tigelli?
731 2168 763 2214 80

92 2231 194 2290 Plotius,
206 2241 229 2280 et
239 2231 334 2293 Varius,
347 2233 471 2294 blaesum,
484 2233 649 2297 Virgiliusque,

94 2295 204 2360 Valgius,
216 2305 239 2344 et
265 2299 329 2345 robet
339 2298 388 2346 haec
399 2298 511 2346 Octavius
521 2298 630 2362 optimus,
642 2306 712 2361 etque

92 2360 199 2417 Fuscus3
218 2370 241 2409 et
248 2313 300 2409 lec
311 2361 401 2409 utinam
409 2363 532 2410 Viscorum
543 2361 621 2409 laudet
631 2370 744 2424 uterque=

92 2425 232 2473 Ambitione
242 2426 351 2489 relegatis,
362 2433 385 2474 te
396 2426 470 2474 dicere
549 2441 582 2485 m,
773 2441 775 2451 ·

91 2488 178 2547 Pollio,
190 2502 222 2550 te,
234 2490 344 2551 Messala,
356 2499 463 2538 tuocum
472 2441 559 2547 Εἷς
577 2489 693 2554 simulque
725 2492 758 2538 85

91 2551 152 2616 Vos,
162 2553 251 2604 Bibule
260 2563 284 2604 et
293 2554 375 2614 Serui3
388 2554 459 2604 simul
467 2554 504 2603 his
515 2562 545 2611 te,
562 2555 658 2604 candide
668 2553 760 2611 numm
