1864 2928
121 115 153 161 at
359 111 451 162 ODAE.
470 113 492 162 Ι.
509 114 548 162 29.

121 242 702 306 Attu‚nouta‚ragaenepsrcemalignusarcnar
741 237 793 290 '2³

156 305 255 354 Ossibus
266 315 289 354 et
299 306 369 369 capiti
379 306 501 355 inhumato
583 325 586 331 ·

122 370 340 419 Particulsmdarer
353 371 393 430 sic,
405 372 569 436 quodcumque
579 370 707 419 minabitur
714 371 794 420 Eurus

155 435 276 483 Fluctibus
287 435 415 498 Hesperiis,
428 435 555 484 Venusinae
760 436 793 483 26

122 499 256 548 Flectuntur
267 499 339 558 silva,
350 509 372 547 te
382 500 481 562 sospita
500 500 621 564 multaque
630 515 727 561 maces,

154 564 225 613 Unde
235 573 318 628 potest,
330 564 372 613 tibi
382 564 469 612 defluat
480 580 548 629 aequo

121 629 164 678 Ab
174 629 244 686 Jove,
256 629 415 692 Neptunoque
426 630 483 678 sacri
494 629 587 678 custode
598 629 702 678 Tarenti

155 693 270 756 Negligis‚
282 693 403 741 immeritis
414 694 544 742 nocituram
600 705 608 720 ·
760 695 793 742 8⁰

123 757 249 806 Postmodo
260 765 283 806 te
293 759 362 818 nafis,
374 757 480 806 fraudem
491 759 654 808 committere?
671 759 729 807 Fors
740 768 763 808 et

155 821 241 870 Debita
250 824 304 884 jura
315 823 420 886 vicesque
430 825 536 886 superbae

123 887 160 936 Te
170 895 279 936 maneant
289 887 381 950 ipsum:
399 887 505 950 precibus
516 903 563 935 non
574 887 666 952 linquar
676 888 771 947 inultis;

156 952 239 1016 Teque
249 951 340 1015 piacula
351 952 417 1000 nulla
428 953 549 1001 resolvent.

122 1017 274 1080 Quamquam
281 1016 383 1074 festinas,
392 1019 449 1070 (non
458 1025 563 1066 estmora
569 1015 651 1082 longa)
659 1017 746 1077 licebit,
762 1018 795 1066 36

156 1083 246 1142 injecto
256 1091 290 1130 ter
301 1082 403 1144 pulvere,
416 1097 501 1130 curras.

361 1269 434 1318 om}
451 1269 550 1318 XXIX.

382 1395 424 1443 Aa
434 1396 536 1443 lectam.

123 1512 179 1572 Ioci,
190 1511 264 1562 matis
275 1526 337 1559 nunc
348 1512 457 1561 Arabum
467 1511 556 1561 invideo

125 1579 212 1634 Gazis;
229 1586 253 1626 et
263 1592 338 1624 ocrem
349 1577 457 1625 militiam
468 1593 536 1642 paras

157 1644 213 1691 Nou
223 1651 277 1690 ante
287 1641 381 1689 devictis
392 1642 479 1690 Ssbaeae

188 1707 308 1770 Regibus;
326 1705 476 1770 horribilique
488 1706 561 1755 Medo

124 1771 204 1840 Noctis
214 1780 311 1819 mteuas.
338 1770 400 1829 Quae
410 1771 453 1819 tibi
461 1772 589 1834 virginum,

123 1839 213 1902 Sponso
223 1845 312 1894 necato,
323 1837 421 1883 barbara
431 1836 529 1884 serviet?

157 1903 219 1950 Puer
230 1901 281 1964 quis
292 1915 321 1948 ex
332 1900 387 1948 auli
398 1901 487 1964 capillis

187 1965 229 2013 Ad
239 1963 349 2028 cyathum
361 1973 474 2013 statuetur
484 1967 567 2022 unctis,

123 2031 213 2079 Doctus
224 2030 317 2092 sagittar
328 2029 420 2077 tendere
431 2031 519 2078 Sericas

122 2097 188 2145 Arcu
199 2093 313 2160 patemo?
331 2093 391 2152 Quis
406 2104 483 2157 neget,
495 2095 573 2144 arduis

156 2162 244 2209 Pronos
255 2157 326 2206 relabi
336 2173 402 2220 posse
413 2159 473 2207 rivos

188 2223 319 2280 Montibus,
331 2231 354 2270 et
366 2223 472 2270 Tiberim
483 2225 581 2281 reverti;

123 2287 185 2339 Cum
197 2298 223 2336 tu
233 2288 334 2336 coimms
345 2287 449 2361 undique
458 2288 547 2337 nobiles

123 2355 207 2403 Libros
218 2353 317 2411 Panaett,
330 2352 469 2419 Socraticam
481 2364 504 2402 et
514 2353 620 2414 domum,

155 2419 251 2468 Mutare
261 2416 336 2464 loricis
349 2417 428 2475 Iberis,

188 2479 308 2530 Pollicitus
319 2480 421 2542 meliors,
434 2482 528 2532 tendis?
