1828 2926
363 147 480 198 EPODI.
500 147 536 196 lb.
708 141 713 154 '
738 145 786 199 ttb:
821 148 825 159 ’

112 277 173 330 Non
184 277 250 327 aliter
260 278 340 340 Samio
350 278 430 328 dicunt
440 276 523 326 arabae
534 274 645 340 Bathyllo

145 343 295 392 Anacreonta
306 343 409 402 Teium
755 339 785 388 1⁰

112 407 166 467 Qui
176 423 277 472 persaepe
287 405 342 456 cavi
352 407 467 458 testudine
476 404 541 454 flevit
551 419 663 464 amorem,

147 474 204 520 Non
216 473 358 521 elaboratum
368 474 399 521 atl
409 473 500 538 podem.

111 537 194 585 Uteris
204 537 254 599 ipse
263 537 348 595 misen
365 538 430 602 quod
440 537 460 585 ai
470 550 517 585 non
527 534 645 600 pulchrior
654 533 715 599 ignia
749 567 753 574 ·

146 601 263 649 Accendit
273 604 389 651 obsessam
401 603 472 660 llion,

113 666 200 715 Gauda
209 674 268 715 sorta
279 665 336 724 tuln
351 683 390 716 me
399 666 515 727 libertina,
526 679 602 729 noque
612 679 659 714 uno
757 663 788 712 lb

147 731 273 792 Contenta,
285 731 380 796 Phryne
389 738 498 780 numerat.
572 752 576 760 ·

377 927 448 977 ODE
466 928 525 978 XV.

298 1057 340 1105 At
351 1057 478 1120 Naturam,
488 1059 609 1107 Amicam.
623 1105 625 1110 .

115 1186 175 1236 Nox
186 1194 244 1247 erat,
255 1195 278 1236 ot
288 1187 345 1236 nolo
355 1186 460 1252 fulgebat
470 1189 528 1237 luna
537 1201 617 1237 mmo

148 1251 215 1300 Inter
225 1252 316 1300 minora
325 1252 408 1313 sidera,

115 1315 182 1364 eum
190 1325 226 1377 tu,
238 1332 378 1381 magnorum
388 1333 477 1367 numen
486 1319 570 1368 leaura
580 1317 695 1378 Daonrm,

149 1381 180 1429 In
191 1384 261 1430 verba
269 1384 366 1444 jurabas
376 1398 437 1444 mea,

114 1446 213 1496 Arctior
224 1455 294 1510 atque
304 1446 389 1495 hedeni
399 1463 493 1512 procera
502 1447 652 1512 alatringitur
661 1447 718 1508 ilex,
770 1449 787 1494 5

149 1511 232 1560 Lentis
243 1512 363 1560 adhatrena
372 1513 484 1574 brachiis;

113 1576 184 1625 Dum
194 1577 271 1642 penori
281 1577 362 1639 lupus,
373 1586 397 1626 et
406 1579 483 1628 nautia
492 1577 590 1627 inlaatua
601 1577 678 1627 Orion

151 1642 270 1692 Turbarot
280 1642 405 1692 hibernum
416 1659 489 1703 mare,

115 1706 272 1770 Intonaoaque
283 1707 379 1770 agitaret
389 1709 507 1771 Apollinis
517 1724 574 1756 aura
583 1706 686 1770 oapilloa,

103 1781 105 1788 ’
149 1771 210 1820 Fore
219 1773 283 1822 huno
293 1787 396 1821 amorem
407 1781 525 1834 mutuum.
757 1771 787 1818 1⁰

115 1836 140 1886 0
151 1835 254 1886 dolitura
262 1837 318 1886 mel
327 1837 431 1885 multum
441 1837 534 1897 virtute,
546 1836 652 1886 Neaeral'

148 1903 223 1962 Nam,
235 1903 255 1951 ai
265 1901 323 1967 quid
333 1902 359 1948 in
370 1902 453 1950 Flacoo
463 1901 507 1950 viri
517 1909 560 1962 eat,

114 1967 174 2018 Non
184 1967 243 2016 feret
252 1966 355 2016 araldum
366 1965 449 2030 potiori
459 1973 483 2014 te
493 1965 547 2015 dare
557 1974 643 2026 noctes,

147 2031 183 2079 Et
192 2041 281 2096 quaerat
290 2031 363 2080 iratur
373 2045 468 2095 parauit

114 2097 169 2146 Neo
179 2097 252 2144 aomel
262 2096 354 2146 offenaae
364 2095 429 2144 nodet
439 2095 566 2146 oonatantia
575 2095 665 2156 forma,
757 2095 795 2150 lb

148 2161 176 2209 Si
186 2169 262 2208 certus
271 2161 363 2208 intririt
373 2160 445 2208 dolor.

114 2225 153 2277 At
163 2234 199 2285 tu,
211 2225 354 2289 quicumque
364 2241 389 2273 es
397 2225 494 2286 felicior,
504 2234 576 2290 atqua
586 2239 639 2274 meo
649 2238 712 2274 nuno

148 2290 268 2354 Superbus
278 2289 365 2338 incedis
374 2290 447 2350 malo,

115 2354 154 2404 Sia
164 2370 246 2418 peooro
256 2363 279 2403 et
289 2355 366 2404 multt
376 2355 440 2404 divea
450 2355 534 2404 tellure
543 2355 632 2416 litabit,

150 2419 254 2484 Tibiqua
265 2419 373 2468 Pactolua
384 2420 452 2479 fluat,
755 2421 787 2468 20

116 2484 170 2532 Neo
180 2492 203 2532 ta
214 2484 354 2548 Pythagora
363 2484 447 2534 fallant
456 2498 540 2534 arama
549 2483 632 2545 rattafi,

150 2549 284 2614 Formique
293 2549 372 2598 vincat
383 2549 472 2609 Νίκας

116 2613 203 2662 Eheu!
221 2614 343 2664 malatoa
354 2614 400 2662 alio
411 2614 517 2668 moerebia
527 2629 630 2664 amorosa

151 2679 198 2728 Ast
208 2695 251 2743 ego
263 2678 363 2730 vicissim
374 2679 464 2739 riaaro,¹
512 2721 516 2727 ,
