1842 2920
302 88 492 139 EPISTOLAE.
511 87 532 136 1.
549 89 573 136 2.
728 88 771 138 191

101 218 162 279 Qui,
174 219 274 268 domitor
285 219 372 280 ijo,
384 219 513 268 multorum
523 215 633 280 providus
643 217 712 264 urbes
742 216 773 264 19

100 286 136 334 Et
146 300 222 333 mores
231 285 354 332 hominum
364 284 481 346 inspexitz
498 283 620 345 lutumque
632 297 674 345 per
685 296 771 344 sequor,

100 349 169 397 Dum
180 350 232 408 sibi,
244 350 302 397 dum
312 349 387 407 soriis,
398 349 498 396 reditum
509 355 583 411 parat,
595 363 676 410 aspero
686 347 763 394 multu

100 415 210 473 Pertulit,
222 414 322 462 adverus
333 429 411 462 rerum
422 411 584 460 immersabilis
594 411 669 459 undis.

100 478 211 528 Sirenum
221 494 288 528 voees
298 489 321 527 et
332 479 406 527 Circe
415 478 499 541 pocula
509 477 586 532 nostis

99 543 163 602 Quae
173 545 193 592 si
203 559 257 592 cum
268 544 334 592 sociis
344 543 429 592 stultus
439 542 583 606 cupidusque
593 539 696 599 bibisset,

98 609 151 656 Sub
162 608 257 656 domini
267 608 385 656 meretrice
395 607 475 656 fuisset
485 607 560 668 turpis
570 613 593 654 et
604 621 696 664 excom
741 607 773 652 25

85 672 206 722 ¹Vixisset
216 673 279 722 mnis
289 671 434 730 immundus,
446 673 484 722 vel
494 671 568 719 umisa
578 670 629 718 luto
640 686 686 717 sus.

98 737 153 786 Nos
163 753 274 787 numerus
284 753 374 797 sumus,
386 746 409 785 et
418 737 497 799 fruges
507 749 642 784 consumere
651 734 710 794 noti,

97 802 185 864 sponsi
196 803 326 866 Penelopa,
338 801 475 861 nebulones,
486 800 628 862 Alcinoique

97 867 130 915 Iu
142 876 195 915 cute
206 867 308 916 curandi
317 868 372 943 plus
382 881 449 930 oequo
458 874 552 930 operatu
560 866 687 926 juventus3

98 931 147 980 Gui
158 932 282 994 pulchrum
292 932 338 980 furt
348 932 373 979 in
383 931 471 979 medios
481 930 580 979 dormire
590 928 648 987 dies,
660 937 683 978 et
740 931 772 978 30

96 996 142 1043 Ad
154 997 276 1060 strepitum
287 997 380 1044 oirhurae
390 1005 502 1044 casatum
514 995 596 1043 ducere
607 1009 696 1042 curam.

97 1061 135 1124 Ut
143 1061 254 1124 jugulent
263 1061 392 1119 hominem,
403 1069 502 1124 surgunt
513 1059 542 1107 de
553 1069 619 1108 nocte
628 1058 743 1116 latronssr

97 1125 135 1172 Ut
146 1125 257 1189 teipsum
268 1141 352 1185 serves,
363 1141 411 1172 non
422 1125 600 1188 expergisceris?
617 1123 683 1187 atqui

97 1188 126 1236 Si
136 1189 202 1237 noles
211 1205 289 1246 smus,
302 1207 379 1240 curres
388 1189 529 1253 hydropicus
538 1207 544 1236 r
563 1201 594 1247 et,
606 1189 631 1235 ni

97 1253 185 1302 Posoes
195 1255 320 1303 antediem
331 1255 417 1303 librum
429 1269 483 1301 cum
493 1253 591 1312 lumine,
603 1253 680 1300 sinon
739 1255 771 1302 35

96 1317 211 1367 Intendes
221 1319 327 1368 animum
338 1319 421 1368 studiis
431 1327 454 1366 et
464 1320 533 1366 rebus
543 1317 653 1376 honestis,
751 1351 754 1354 -
774 1359 777 1374 ,

96 1381 195 1430 Invidia
205 1385 242 1431 vel
252 1400 330 1432 umore
340 1383 397 1447 vigil
407 1385 549 1446 torquebere.
574 1383 639 1430 Num
647 1400 696 1443 our,

97 1447 163 1506 Qum
172 1447 262 1496 laedunt
271 1449 375 1507 oculum,
386 1448 480 1496 farinas
491 1447 596 1504 domere3
614 1447 702 1514 siquid

95 1511 144 1560 Est
154 1513 269 1571 animum,
281 1513 359 1561 differs
369 1512 465 1560 curandi
475 1521 567 1574 tempus
577 1512 602 1559 in
613 1516 721 1562 anuum?

95 1575 234 1624 Dimidium
244 1577 308 1636 sueti,
320 1577 361 1642 qui
371 1577 447 1639 eupit,
459 1577 543 1624 hsbet:
561 1592 640 1640 sapere
651 1577 726 1636 sude3
738 1578 771 1626 40

96 1640 189 1704 Incipe.
213 1641 436 1701 Quirectevivendi
446 1650 554 1704 prorogat
563 1641 654 1703 horum,
782 1661 787 1676 ¹

96 1705 212 1755 Rusticus
222 1715 339 1770 exspectnt
348 1706 406 1754 dum
417 1706 504 1754 defluat
514 1706 589 1754 amnis
598 1725 606 1767 3
624 1717 648 1756 ot
658 1709 698 1756 ille

97 1769 209 1830 labitur,
221 1780 244 1819 et
253 1771 344 1820 labetur
353 1771 378 1818 in
389 1786 458 1820 omne
468 1770 576 1819 volubilis
586 1788 670 1821 rerum.

95 1833 219 1892 Quaeritur
229 1843 360 1898 urgentunu
371 1836 494 1900 puerisque
504 1836 572 1883 besto
580 1837 685 1885 creandis

95 1899 180 1955 Uxor;
200 1908 223 1947 et
232 1900 326 1948 insulsa
336 1908 447 1964 ponuntur
457 1915 549 1948 vomere
559 1901 630 1949 silvae.
739 1901 771 1950 45

96 1962 172 2022 Quod
182 1965 237 2012 sutis
247 1973 290 2022 est,
301 1965 340 2013 oui
350 1965 453 2027 oontigit,
466 1964 505 2012 hio
517 1965 576 2012 nihil
587 1966 688 2030 amplius
698 1973 769 2031 optet.

96 2028 157 2075 Non
167 2028 251 2077 domus
261 2037 284 2076 et
293 2029 389 2087 fundus,
401 2044 448 2077 non
459 2029 615 2079 aeris'uoervus
625 2040 649 2079 et
659 2031 719 2092 ouri,
787 2069 788 2074 ,

95 2091 199 2156 AEgroto
209 2093 298 2142 domini
308 2093 405 2157 dodunit
414 2109 508 2158 oorpore
518 2094 600 2155 febres,

96 2157 157 2205 Non
167 2158 330 2206 animosum
357 2159 441 2207 Valeat
450 2173 574 2222 posaesson
585 2169 682 2225 oportet,

97 2221 125 2270 Si
136 2223 285 2286 oomporutis
295 2227 364 2272 rebus
375 2225 434 2272 bene
444 2223 529 2286 oogitst
538 2225 581 2274 uti
633 2277 637 2288 ,
738 2227 771 2274 ὅθ

97 2285 150 2345 Qui
160 2287 225 2350 cupit
235 2295 276 2336 sut
285 2287 377 2344 metuit,
387 2289 455 2348 juvut
464 2287 533 2335 illum
544 2289 577 2337 sio
586 2289 670 2338 domus
681 2298 705 2338 et
714 2305 759 2352 res,

96 2351 134 2399 Ut
143 2351 237 2415 lippum
246 2352 314 2416 picus
324 2353 418 2410 sabulo,
429 2353 533 2402 fomenta
543 2353 679 2418 podagram,
784 2351 787 2358 ¹

95 2415 225 2464 Auriculss
235 2417 329 2466 oitburoe
339 2416 434 2466 collecto
444 2417 510 2465 sorde
520 2417 630 2467 dolentes.

97 2479 221 2528 Sincerum
232 2489 267 2529 est
276 2481 322 2530 nisi
329 2497 379 2542 vus,
387 2481 505 2546 quodcum
522 2497 552 2530 ue
560 2483 673 2544 infundis,
683 2483 773 2532 messit.

97 2545 187 2608 Sperne
198 2547 342 2611 uoluptates:
359 2554 427 2596 nooet
436 2554 499 2594 emto
596 2549 710 2612 voluptas.
739 2549 772 2594 ob

96 2609 196 2674 Sernper
206 2625 289 2660 avarus
300 2619 367 2674 egets
384 2619 474 2660 eertum
485 2619 538 2660 voto
548 2619 601 2676 pete
611 2612 690 2660 finem.
