1828 2926
322 98 467 150 smum.
485 101 506 150 1.
523 101 547 150 3·
725 101 772 148 1³3

96 229 340 288 Sicuifiliusestut
349 231 466 280 ebortivus
476 229 523 278 fult
531 228 589 278 olim
738 229 773 276 to
796 259 797 264 =

95 296 211 360 Sisyphus
219 313 226 343 r
243 295 307 342 hunc
317 293 417 354 Vanum,
428 295 529 344 distortis
539 293 658 351 cruribus3
674 293 744 342 illum

94 360 206 408 Balbutit
215 361 338 419 Securum,
392 360 426 408 vis
439 361 526 410 fultum
537 359 600 408 male
610 357 670 420 telis.

95 424 194 472 Parcius
203 425 242 474 hic
253 424 329 472 vivite
401 425 406 436 '
418 425 514 473 dicetur.
534 425 634 486 Ineptus

94 488 130 536 Iit
137 490 261 550 jactantior
271 489 309 536 hic
319 490 390 552 poulo
400 492 452 538 est?
470 488 595 538 wucinnus
605 487 687 536 amicis
735 489 769 536 50

95 553 204 602 Postulat
214 562 242 602 ut
252 553 364 602 vitientur.
389 554 426 602 At
436 563 471 602 est
480 553 637 612 truculentior,
649 561 719 616 etque

93 617 155 666 Plus
166 634 233 682 aequo
242 619 320 668 liber?
336 618 436 682 simplex
446 619 558 682 fortisque
568 618 687 666 habentur.

93 682 191 731 Geldior
201 683 252 732 est?
268 697 330 732 eures
340 683 400 732 inter
410 692 551 732 numeretur.
580 683 680 746 Opinor,

93 745 157 795 H'aec
167 763 204 796 res
214 756 237 796 et
245 748 332 811 jungit,
342 749 434 810 junctos
445 756 468 796 et
478 757 553 796 servet
564 747 658 796 emices.

91 812 131 860 At
141 826 184 859 nos
194 813 290 861 virtutes
300 813 361 875 ipses
371 813 516 873 invertimus,
527 821 598 878 etque
736 811 768 856 55

92 876 335 940 Sincerumcupimns
345 893 385 926 ves
393 878 524 926 mctustere.
554 879 644 926 Probus
656 874 708 938 quis

8 977 14 990 ,
92 941 225 989 Nobiscum
236 942 312 990 vivit?
329 942 432 992 multum
443 952 478 991 eet
487 942 600 994 demissus
610 941 695 988 homo:
713 939 749 986 illi

93 1005 184 1064 Turdo,
196 1021 323 1069 cognomen
334 1007 417 1070 pingui
427 1008 517 1056 domm.
546 1007 594 1054 llic
604 1005 666 1068 fugit
675 1018 756 1054 omnes

91 1070 203 1130 Insidias,
215 1071 321 1134 nullique
330 1072 394 1118 melo
403 1072 465 1134 latus
475 1072 541 1120 obdit
551 1073 676 1134 apertum?

93 1135 171 1198 (Cum
182 1150 256 1198 penus
267 1136 311 1183 hoc
321 1136 381 1184 inter
391 1135 444 1184 vitre
454 1146 565 1196 versetur,
576 1135 618 1184 ubi
629 1134 685 1182 ceris
733 1133 765 1179 60

91 1199 197 1258 Invidia,
208 1208 279 1264 etque
289 1200 368 1262 vigent
377 1200 419 1248 ubi
430 1200 537 1262 crimine)
549 1215 592 1264 pro
601 1202 660 1248 bene
671 1213 727 1246 suno

91 1263 133 1312 Ac
143 1279 191 1310 non
198 1264 300 1325 incauto,
311 1265 392 1312 fictum
399 1273 552 1329 'astutumque
563 1279 678 1312 vocemus.

90 1329 224 1390 Simplicior
234 1329 287 1393 quis
297 1337 320 1377 et
330 1337 372 1388 est,
385 1329 491 1392 (qualem
501 1345 540 1377 me
550 1345 610 1392 saepe
620 1328 718 1376 libenter

91 1393 227 1442 Obtulerim
238 1393 290 1452 tibi,
302 1393 431 1454 Messenes)
442 1403 472 1441 ut
479 1394 537 1441 forte
547 1394 664 1455 legentem
734 1392 765 1438 64

90 1459 147 1506 Aut
156 1458 253 1506 tacitum
263 1459 370 1522 impellet
378 1459 464 1522 'quovis‘
473 1457 593 1506 sermone?
609 1456 737 1504 molestus!

91 1523 221 1572 Communi
232 1537 299 1572 sensu
310 1524 378 1587 plone
389 1532 458 1582 caret,
469 1521 596 1586 inquimus.
623 1521 708 1572 Eheu!

91 1589 175 1648 Quam
186 1595 271 1636 temere
281 1587 306 1636 iu
317 1596 407 1636 nosmet
417 1588 493 1651 legem
504 1587 620 1636 sanemus
629 1587 735 1649 iniquam
744 1587 752 1634 Ξ

15 1697 21 1704 .
90 1653 158 1700 Nam
168 1651 230 1700 vitiis
240 1667 310 1700 nemo
322 1653 371 1702 sine
382 1653 496 1702 nesciturr
514 1653 616 1716 optimus
627 1651 666 1698 ille
677 1659 720 1710 est,

90 1717 143 1777 Qui
153 1716 257 1766 minimis
265 1726 368 1780 urgetur.
384 1717 483 1770 Amicus
491 1717 574 1777 dulcis,
585 1726 611 1764 ut
619 1727 713 1778 aequum
720 1724 765 1774 est,

90 1781 156 1830 Cum
166 1797 220 1830 men
230 1789 362 1846 compenset
372 1781 434 1830 vitiis
443 1783 514 1841 bone,
526 1782 631 1846 pluribus
641 1779 704 1828 hisce
731 1780 765 1836 7⁰

89 1846 127 1900 (Si
138 1845 210 1894 modo
220 1847 289 1909 plura
297 1847 357 1894 mihi
366 1849 428 1894 bons
438 1845 503 1906 sunt)
515 1846 624 1895 inclinet:
642 1843 716 1892 emsri
764 1860 766 1864 ·

89 1911 116 1959 si
127 1911 190 1959 volet
200 1911 244 1960 bec
253 1911 313 1974 lege,
325 1912 351 1959 in
362 1911 450 1959 mutini
459 1920 558 1972 ponetur
569 1911 657 1960 eedem.
682 1941 684 1946 ,

88 1975 149 2034 Qui,
161 1991 192 2024 ne
202 1975 321 2024 tuberibus
331 1975 428 2040 propn'is
439 1975 541 2024 offendm
551 1975 661 2034 amicum,

88 2039 206 2100 Postulat,
217 2041 320 2103 ignoscet
329 2040 429 2090 verrucis
439 2040 510 2090 illius.
535 2042 644 2105 AEquum
655 2047 697 2099 est,

89 2104 195 2153 Penestis
205 2105 298 2153 veniam
308 2105 544 2169 poscentemreclslere
553 2121 639 2154 rursus·
730 2102 762 2158 75

90 2168 212 2232 Denique,
221 2169 339 2234 'quiteuus
350 2169 425 2218 excidi
435 2169 528 2232 penitus
538 2171 681 2228 vitiumirae,

89 2233 180 2282 Caeters
190 2234 246 2282 item
257 2249 273 2282 n
303 2244 375 2282 ueunt
385 2235 462 2298 stultis
472 2235 597 2292 haerentis3
615 2250 656 2283 cur
666 2249 714 2282 non
728 2286 730 2291 ,

89 2297 237 2347 Ponderibus
247 2313 273 2346 m
304 2299 395 2363 ulisque
405 2299 453 2347 suis
463 2300 521 2348 ratio
531 2299 621 2350 oliuu?
638 2313 674 2357 ec,
685 2311 721 2348 res

88 2361 123 2410 Ut
133 2377 235 2427 queque
245 2371 288 2422 est,
299 2363 332 2412 ite
342 2363 460 2428 suppliciis
471 2364 554 2413 delicte
563 2362 667 2413 werce?

89 2427 115 2475 Si
126 2427 180 2490 quis
191 2443 247 2476 eum
258 2443 359 2487 servum,
370 2428 476 2492 pennam
486 2429 528 2492 qui
537 2429 617 2478 tollere
625 2429 705 2490 jussus
731 2430 766 2476 80

88 2491 194 2540 Semeros
203 2493 279 2557 pisces
289 2493 441 2557 tepidumque
451 2493 575 2557 ligurrierit
579 2496 628 2556 jus,

88 2555 118 2602 In
129 2571 196 2605 cruce
207 2557 310 2620 suffigat,
322 2558 431 2606 Labeone
441 2557 543 2606 inssnior
553 2559 613 2608 inter

87 2621 161 2670 Sanos
172 2621 270 2669 dicatur.
299 2621 397 2682 ersnto
406 2622 569 2672 hocluriosius
580 2631 652 2684 etque

613 2699 631 2733 n
