1864 2928
347 115 455 183 'omn
472 131 494 182 1.
511 121 550 189 ss.
757 135 790 186 aa

348 397 420 446 ODE
437 396 563 446 XXXVI.

116 523 152 573 Et
161 525 231 575 thure
241 535 264 576 et
274 527 359 576 fidibus
368 530 435 590 juvat

152 590 256 649 Platane,
269 601 292 640 et
303 593 370 642 vituli
381 589 495 656 sanguiue*
504 592 590 652 debito,

117 653 232 704 Custodes
244 657 355 706 Numidae
366 657 445 714 Deos3
685 680 688 685 “

151 719 201 777 Qui
212 736 283 782 nunc,
295 723 410 786 Hesperit
420 737 497 786 sospes
507 723 537 770 ab
548 721 641 782 ultimi,

118 781 186 831 Caris
197 786 273 834 multa
283 787 408 846 sodalibus,
775 790 790 835 5

151 848 221 896 Nulli
231 851 299 912 plura
309 861 388 898 tamen
398 849 481 899 dividit
490 851 577 914 oscula,

118 911 199 970 Quam
211 915 274 964 dulei
285 916 384 975 laomim,
395 931 484 964 memor

151 979 220 1027 Actae
230 995 277 1027 non
288 980 334 1028 alio
345 997 398 1044 rege
408 981 512 1044 puertiae,

117 1041 267 1108 Mutataeque
277 1045 349 1092 simul
359 1053 427 1108 togae.

150 1107 233 1156 Crassi
243 1124 273 1158 ne
284 1121 358 1158 mreat
368 1111 465 1173 pulchra
475 1109 524 1158 dies
533 1107 604 1172 noti3
760 1111 790 1160 10

119 1171 176 1220 Neu
186 1183 284 1237 promtu
294 1174 379 1222 modus
390 1175 516 1238 amphora,

151 1235 207 1286 Neu
218 1255 307 1287 morem
317 1240 342 1287 iu
353 1240 444 1288 Salium
455 1239 485 1287 sit
495 1237 584 1304 requies
595 1238 698 1303 pedum

117 1301 174 1350 Neu
185 1304 255 1351 multi
266 1303 372 1352 Damalis
383 1305 441 1352 meri

150 1368 253 1415 Bassum
265 1368 375 1416 Tlue'ioii
385 1369 462 1416 vincat
472 1369 601 1434 amystide3

117 1431 175 1480 Neu
186 1430 261 1480 desint
272 1433 346 1496 epulis
357 1447 421 1492 rosas,
759 1435 789 1481 15

151 1497 207 1544 Neu
219 1497 287 1546 vivax
298 1498 388 1561 apium,
399 1511 445 1546 neu
455 1499 525 1547 breve
536 1497 620 1546 lilium.

117 1559 209 1609 Omnes
219 1561 245 1608 in
256 1561 368 1610 Damalin
379 1571 459 1626 putrss

149 1626 275 1690 Deponent
285 1627 378 1685 oeut0s;
394 1641 437 1675 nec
447 1627 554 1678 Damalis
564 1642 625 1677 novo

117 1691 250 1740 Divelletur
260 1691 373 1751 adultero,

150 1755 254 1805 lascivis
264 1756 353 1805 hederis
364 1756 514 1806 ambitiosior.

340 1951 413 2001 ODE
430 1946 571 2000 XXXVII.

115 2079 190 2128 Nunc
201 2089 235 2128 ost
246 2081 383 2140 bibendum,
395 2094 458 2131 nunc
468 2081 527 2146 pede
537 2081 610 2130 libero

115 2145 237 2192 Pulsanda
248 2145 331 2202 tellus3
349 2160 412 2210 nuno
423 2147 550 2196 Saliaribus
591 2161 594 2168 ’

149 2209 242 2258 Ornare
252 2211 359 2273 pulvinar
371 2211 476 2260 Deorum

183 2274 289 2338 Tempus
300 2283 348 2323 erat
358 2276 465 2341 dapibus,
478 2276 573 2338 sodales·
769 2323 770 2326 ,

114 2338 226 2387 Antehac
236 2339 301 2388 nefas
311 2341 446 2404 depromere
456 2333 585 2390 Coeoubum
776 2343 792 2388 b

116 2403 189 2451 cents
200 2404 276 2463 avitis,
288 2404 346 2452 dum
356 2405 492 2470 Capitolio
787 2407 788 2414 ’

148 2468 243 2530 Regina
253 2469 371 2518 dementes
381 2471 469 2530 ruinas,

181 2532 264 2580 Funus
276 2541 299 2580 et
308 2535 406 2598 imperio
416 2538 521 2599 parabat,

114 2597 282 2646 contaminato
292 2613 346 2647 tum
356 2615 426 2664 grege
437 2601 541 2664 turpium

113 2661 205 2712 Morbo
215 2661 327 2728 virorum,
338 2665 452 2729 quidlibet
461 2665 577 2730 impotens
644 2728 660 2772 3
760 2661 790 2707 1⁰

608 2740 627 2774 u
