1864 2928
352 99 444 150 ODAE·
461 101 484 150 Ι.
500 101 541 150 35.

111 227 194 288 Quam
204 229 267 294 turpi
277 229 366 278 Pholo'e'
376 239 454 294 peccet
464 231 576 280 adultero.

111 294 151 342 Sic
162 295 237 342 visum
247 295 347 351 venun
365 295 402 344 cui
413 297 489 360 placet
498 297 604 360 imperes

110 358 209 407 Formas
219 369 289 423 etque
300 359 389 408 animos
400 363 443 408 sub
452 362 511 425 juge
521 363 592 410 alinea

176 425 243 472 Saevo
253 425 344 472 mittere
354 440 408 472 cum
417 427 477 487 j0eo.

110 487 194 552 Ipsum
204 505 243 536 me
252 489 333 538 melior
343 503 397 536 cum
408 497 495 553 peteret
505 491 596 551 Venus,

111 551 186 600 Grati
197 553 295 602 detinuit
306 555 416 618 compede
427 555 531 619 Myrmle

111 615 240 678 Libertina,
252 619 316 666 fretis
326 619 399 667 acrior
408 619 491 670 Adnae

74 679 78 688 ’
177 683 301 732 Curvantis
312 683 422 732 Calabros
433 685 505 732 einue.

340 879 413 929 ODE
430 879 555 928 XXXIV.

111 1006 200 1056 Parcus
210 1007 316 1056 Deorum
327 1011 402 1058 cultor
411 1017 434 1057 et
444 1009 586 1073 infrequens,

111 1071 251 1120 Insanientis
263 1073 320 1122 dum
331 1075 448 1139 sapientiae

143 1137 271 1185 Consultus
283 1154 340 1198 erro,
352 1154 415 1186 nunc
425 1147 549 1186 retrorsum

176 1201 238 1250 Vele
248 1203 310 1263 dare,
322 1212 392 1268 atque
401 1204 482 1251 iterare
493 1217 574 1252 eureus

111 1265 188 1328 Cogor
199 1267 303 1316 relictos:
322 1281 424 1332 namque
435 1267 558 1332 Diespiter,

110 1330 167 1393 Igni
178 1346 272 1380 corusco
283 1334 363 1382 nubila
374 1333 478 1380 dividens

143 1395 295 1460 Plerumque,
307 1413 349 1462 per
358 1413 445 1460 purum
456 1403 561 1444 tonantes

176 1461 235 1523 Egit
246 1477 316 1525 equos
327 1463 489 1526 volucremque
499 1475 610 1520 currum3

110 1521 168 1582 Quo
178 1526 248 1573 bruta
258 1526 334 1586 tellus,
346 1537 369 1574 et
380 1541 439 1589 vage
449 1526 554 1585 flumine,

110 1588 168 1648 Quo
179 1590 248 1652 Styx,
260 1600 284 1638 et
295 1591 364 1639 invisi
374 1591 466 1638 horrida
478 1591 573 1640 Taenari

143 1653 223 1712 Sedes,
235 1655 406 1720 Atlanteusque
416 1655 469 1704 finis

177 1717 322 1766 concutitur.
346 1720 417 1768 Valet
426 1720 475 1769 ima
486 1721 583 1769 summit

111 1781 217 1841 Mutare,
230 1792 253 1830 et
262 1783 376 1847 insignem
386 1793 491 1832 attenuat
501 1785 576 1846 Deus,

111 1845 220 1895 Obscura
230 1863 352 1911 promens:
370 1849 424 1896 hinc
435 1845 525 1913 apicem
535 1865 607 1914 rapax

143 1912 250 1959 Fortuna
261 1927 314 1960 cum
325 1914 420 1962 stridore
430 1924 498 1962 acuto

177 1977 293 2037 Suaorlit3
310 1979 350 2027 hic
361 1977 463 2044 posuisse
473 1979 566 2044 gaudet

349 2172 421 2222 Onu
438 2173 550 2223 XXXV.

353 2303 395 2352 Ad
405 2307 558 2352 Fortunam

113 2429 137 2478 0
150 2429 223 2490 Diva,
234 2439 326 2494 gratum
337 2449 391 2496 quae
401 2432 462 2496 regie
470 2433 582 2494 Antium,

114 2495 221 2543 Praeeeno
232 2497 269 2544 vel
279 2497 327 2544 imo
337 2497 418 2545 tollere
427 2497 457 2545 de
467 2498 541 2560 gradu

145 2559 250 2608 Mortale
260 2561 400 2636 corpunvel
410 2565 520 2637 superbos

71 2651 74 2658 ,
177 2624 275 2676 Vertere
285 2625 404 2675 funeribus
414 2627 560 2690 trumphos!

747 102 779 157 al

750 295 781 342 lo
