1828 2926
334 132 481 184 sumum.
500 133 520 181 1.
538 135 567 181 5.,
739 111 784 190 ruo

108 263 237 313 Traditum
246 263 386 328 abantiquis
393 278 482 311 morem
490 279 588 322 servare,
600 263 780 328 tuomque,=ll7

106 330 176 377 Dum
188 329 288 377 custodis
296 333 359 392 eges,
371 327 442 375 vitam
453 327 588 392 fumumque
598 328 659 376 tueri

107 395 257 442 Incolumem
268 408 377 456 pessume
395 392 466 440 simul
475 409 501 441 sc
512 393 627 442 duraverit
637 401 692 441 cetus

107 459 221 506 Membra
231 457 382 521 animumque
393 463 471 518 tuum,
488 458 554 506 nubis
565 459 614 506 sine
624 457 713 506 cortice.
741 457 780 506 Sic

105 537 345 652 Fomsabldiepuerum
356 587 435 636 dictis=
454 596 485 647 et,
497 587 544 637 sive
552 589 650 650 jubebat
734 523 780 569 12⁰

17 695 21 702 .
105 653 143 700 Ut
153 653 251 700 facerem
262 652 327 716 quid,
339 653 420 700 Habes
430 661 555 712 auctorem,
569 667 616 716 quo
626 651 697 700 focius
707 651 770 709 hocs

105 718 191 765 Unum
202 733 231 764 ex
240 716 456 778 judicibus'selectis
466 717 603 778 objiciebat:

105 783 163 830 Sive
173 783 272 840 vetabat,
284 781 326 828 An
336 781 380 828 hoc
390 781 538 831 inhonestum
549 790 572 829 ct
582 781 664 830 inutile
674 781 738 828 fectu

8 897 12 916 ,
105 847 189 894 Necne
199 845 237 904 sit,
249 845 377 906 addubites,
389 846 470 910 flagret
479 861 571 894 rumore
581 847 709 897 malocum
734 845 780 892 125

105 911 157 960 Hic
167 919 237 974 atque
244 909 301 958 ine?
317 911 408 958 Avidos
418 911 521 959 vicinum
531 911 602 958 funus
612 918 640 956 ut
650 924 722 972 egros

105 976 245 1036 Exanimut,
257 975 383 1039 morfisque
393 984 458 1023 metu
469 975 513 1025 sibi
523 989 614 1038 paroere
625 975 701 1036 cogit3

105 1042 146 1090 Sic
157 1049 250 1088 teneros.
256 1039 345 1088 animos
353 1040 431 1088 aliene
441 1040 564 1104 opprobria
574 1055 634 1102 saepc

104 1109 245 1154 Absterreut
255 1105 323 1154 vitiis.
340 1105 380 1152 Ex
390 1105 434 1152 hoc
445 1119 488 1168 ego
498 1120 567 1152 sunus
578 1106 608 1152 sb
618 1103 673 1163 illis,

106 1169 237 1219 Pemiciem
246 1185 399 1234 quecumque
406 1169 499 1226 ferunt3
511 1168 673 1229 mediocribus,
682 1175 706 1216 et
713 1168 780 1232 queis

106 1235 226 1299 Ignoscas,
238 1235 299 1282 vitiis
309 1243 402 1291 teneor;
420 1233 521 1282 fortassis
531 1242 554 1280 et
564 1233 631 1280 istinc
734 1234 785 1281 131-

107 1299 215 1362 Largiter
225 1298 345 1346 abstulerit
354 1299 425 1362 longo
435 1307 498 1357 cetus,
509 1297 567 1345 liber
577 1297 674 1358 amicus,

108 1363 238 1412 Consilium
247 1362 381 1426 propriume
398 1362 555 1426 nequeenim,
567 1377 623 1410 cum
630 1361 728 1410 lectulus
739 1371 785 1411 aut

205 1441 244 1474 me

108 1491 215 1540 Porticus
226 1491 325 1554 excepit,
336 1491 417 1542 desum
427 1491 500 1539 mihi:
518 1491 614 1540 Rectius
624 1491 668 1540 hoc
679 1499 729 1548 est3

106 1557 163 1604 Hoc
172 1555 266 1614 ticieus,
277 1556 354 1604 vivom
365 1556 599 1616 melius31icdulcis
609 1556 690 1604 amicis
733 1557 786 1604 leo·

106 1621 249 1670 Occursum:
261 1620 306 1668 hoc
317 1620 412 1684 quidem
423 1637 468 1668 non
477 1621 550 1677 bellet
562 1637 620 1668 num
629 1621 686 1685 quid
694 1636 737 1684 ego
745 1619 781 1668 illi

106 1685 315 1749 Imprudens'olim
326 1685 410 1734 faciem
421 1686 513 1734 simile?
530 1687 589 1734 Haec
600 1701 643 1748 ego
653 1701 746 1734 mecum

105 1750 250 1814 Compressis
261 1750 323 1812 agito
333 1751 416 1798 labris:
434 1751 476 1798 ubi
487 1750 544 1814 quid
554 1750 623 1797 detur
633 1751 675 1810 oti,

104 1816 186 1864 Illudo
197 1815 294 1863 chartis:
312 1815 356 1862 hoc
366 1825 400 1863 est
410 1814 618 1863 mediocribusiliis
810 1869 813 1876 ,

105 1881 147 1928 Ex
158 1880 220 1928 vitiis
230 1895 321 1936 unum3
339 1880 376 1926 cui
388 1879 407 1927 si
418 1879 539 1928 concedere
548 1879 616 1940 nolis,
733 1879 780 1927 140

106 1945 190 1999 Multa
200 1945 321 2008 poiitnrum
332 1945 408 1992 veniat
419 1960 510 2004 munus,
522 1943 610 1992 auxilio
620 1959 673 2008 quae
695 1971 697 1974 ·

106 2011 143 2058 Sit
154 2009 214 2056 mihi
226 2011 292 2074 (num
303 2009 378 2056 multo
388 2009 466 2073 plures
476 2007 578 2071 sumus),
590 2025 617 2057 uc
628 2007 700 2057 veluti
710 2016 733 2056 te

107 2075 188 2124 Judaei
199 2089 307 2138 cogemus
317 2073 343 2122 iu
353 2073 413 2122 hunc
423 2073 544 2122 concedere
554 2075 655 2124 turbam

354 2271 486 2322 SATIRA
502 2274 535 2324 V·
553 2293 555 2301 ¹

248 2386 253 2474 ι,
321 2413 374 2457 Iter
384 2411 570 2459 Brundisinum.

109 2535 238 2599 Egressum
248 2533 337 2599 magud
346 2550 385 2582 me
395 2533 487 2597 excepit
497 2533 578 2582 Aricia
588 2532 667 2581 Romi

110 2601 220 2666 Hospitio
231 2599 338 2659 modico3
355 2600 432 2647 rhetor
442 2614 518 2647 comes
529 2598 678 2654 Heliodorus,

111 2666 246 2716 Graecorum
256 2666 345 2728 lingue
356 2663 501 2728 doctissunus
509 2681 521 2718 z,
534 2663 588 2712 inde
599 2663 687 2710 Forum
698 2655 774 2719 Appia
