1842 2920
314 95 471 147 .SAP1RAE.
488 95 524 148 ΙΙ.
541 97 566 146 3.
731 94 779 153 lt!

107 230 154 291 'Per
167 228 397 289 Tmminummare,
408 225 733 289 criminatricem

105 293 225 353 Extimm,
236 307 267 342 ne
276 307 317 342 vos
328 293 508 356 ageretvesanie
518 293 620 349 disceret

106 361 148 408 'Pu
159 359 344 418 Nomentanum,
355 367 382 405 tu
393 373 423 406 ne
433 373 552 422 sequerere
563 357 678 406 Cicutam.
707 415 710 422 1
731 355 778 412 175

106 425 195 486 Quare,
206 439 248 488 per
259 423 333 471 Divos
343 431 528 486 statuamque
539 423 646 481 Penates,

106 490 147 540 Tu
158 503 253 537 caverre
263 487 371 547 minuas3
386 496 421 547 tu,
432 502 462 536 ne
472 489 549 549 majus
559 487 629 535 facias
639 487 664 535 id
797 525 799 530 .

105 553 178 614 Quod
189 554 243 602 satis
253 567 302 602 erae
312 559 380 616 putat
390 561 463 616 pater,
475 561 499 600 et
508 561 592 600 natura
601 553 696 601 coercet.

104 619 228 678 Praeterea,
239 632 270 666 ne
279 633 320 666 vos
331 617 409 666 titillet
418 614 500 680 gloria,
510 618 574 678 jure·

100 680 696 746 jurandocbstringamamboruteradilisfueritve
729 681 777 730 itit

104 747 214 797 vestrim
224 755 317 811 pretor,
328 747 348 794 ia
358 746 495 794 intestabilis
506 754 530 793 et
537 761 601 794 acer
611 755 668 794 esto.

103 813 134 861 Iu
146 809 217 861 cicere
227 819 297 875 atque
307 810 362 860 fabi
373 813 434 859 bona
444 819 471 858 tu
481 809 609 874 perdasque
619 811 716 874 lupinis,

103 873 179 926 Intus
189 885 217 924 ut
226 875 252 924 in
263 875 331 925 circo
342 875 447 938 spatiere,
459 884 500 924 aut
510 889 587 923 teneus
597 883 625 922 ut
636 886 689 935 stes,

101 939 190 991 Nudus
199 941 270 1008 qgris,
281 940 359 988 nudus
369 939 481 999 nummis,
492 940 580 998 insane,
592 940 710 1004 patemul

102 1007 195 1056 Scilicet
205 1015 233 1053 ut
243 1005 347 1069 plautus,
359 1020 419 1069 quos
429 1004 473 1052 fert
483 1005 600 1068 Agrippa,
612 1005 671 1053 ieras
681 1013 717 1064 tu,
728 1005 775 1052 let
800 1035 803 1044 ι

100 1069 192 1120 Astuta
202 1071 333 1133 iirgeuuum
343 1071 424 1134 vulpes
433 1069 524 1124 imitata
533 1067 643 1117 leonem?

102 1137 120 1198 1
131 1137 171 1184 Ne
181 1135 234 1200 quis
244 1135 354 1183 humisse
364 1135 420 1182 velit
429 1132 534 1194 Ajacem,
542 1134 636 1192 Atrida,
645 1143 708 1184 vetas
716 1137 774 1184 eurr

102 1205 120 1264 1
129 1201 184 1250 Rex
191 1215 251 1249 tum·
266 1200 335 1263 1Ν11
340 1200 402 1247 ultra
409 1199 603 1263 quaeroplebeius.
616 1199 674 1260 1Ει
683 1215 775 1264 aequam

101 1266 166 1314 Rem
176 1265 298 1329 imperim
313 1273 338 1312 at
348 1263 368 1312 si
378 1253 504 1312 ctrividecr
514 1277 561 1310 nou
570 1265 657 1324 justus,
668 1265 744 1311 inulte

102 1329 197 1388 Dicere,
209 1329 273 1394 quod
283 1329 362 1388 sentit,
374 1328 489 1392 permitte
509 1329 528 1384 11
537 1327 646 1376 Maxime
656 1343 747 1392 regum,

101 1393 139 1443 Di
149 1396 192 1444 tibi
202 1395 259 1443 dent
268 1395 336 1458 capti
346 1395 443 1442 classem
453 1391 560 1440 reducere
571 1391 659 1452 Trojil
729 1391 773 1440 191

82 1491 84 1494 -
101 1460 169 1524 Ergo
179 1461 306 1518 consulere,
318 1467 341 1507 et
351 1473 408 1506 mcx
418 1457 553 1522 respondere
563 1454 657 1505 licebit?

101 1524 120 1588 1
129 1525 238 1574 consue.
256 1527 273 1587 1
282 1524 332 1572 Cur
342 1523 417 1584 Ajax,
431 1523 497 1571 heros
507 1524 537 1570 ab
547 1521 642 1570 Achille
652 1520 775 1583 seerrndus,

102 1588 216 1648 Puteseit,
227 1587 399 1637 toties-serratis
410 1587 486 1636 clarus
496 1585 612 1636 Achivis?
709 1601 711 1607 ·

102 1655 213 1703 Gaudeat
222 1662 250 1701 ut
259 1654 360 1718 populus
371 1653 460 1700 Priami
471 1653 626 1716 Priamusque
633 1652 764 1711 inhumato,

102 1720 151 1768 Per
162 1734 232 1782 quem
243 1727 279 1766 tot
286 1720 383 1780 juvenes
393 1717 469 1780 patrio
479 1718 572 1765 caruere
582 1716 704 1781 sepulcro?
729 1715 777 1763 196

101 1787 122 1840 1
124 1784 196 1832 Mille
201 1783 281 1832 crium
287 1784 382 1832 maanus
387 1781 457 1830 morti
463 1781 537 1840 deditr
545 1782 659 1845 inclytum
666 1782 776 1844 Ulyssem
819 1822 823 1828 ,

99 1850 137 1898 Et
147 1848 283 1897 Menelaum
293 1849 343 1895 uni
352 1862 445 1895 mecum
456 1861 481 1894 se
491 1846 592 1894 occidere
602 1847 712 1894 clamem

103 1914 181 1978 1Τιι,
188 1926 253 1972 οιιιιι,ν
262 1927 305 1976 pro
311 1909 396 1971 tituli,-
405 1906 486 1959 statuis
497 1907 589 1959 dulcem
596 1910 686 1958 Aulide
696 1917 776 1958 natum

99 1980 168 2034 Ante
178 1993 237 2037 area,
249 1977 383 2042 spargisque
393 1975 457 2023 moli
468 1983 546 2042 caput,
558 1975 671 2040 improbe,
683 1974 752 2034 saled

100 2043 205 2093 Rerum
215 2042 289 2090 errimi
299 2041 392 2090 senas?
409 2042 426 2104 1
433 2037 570 2100 Quorsum?
587 2037 777 2102 llIrrsanusquid

114 2161 116 2166 .
202 2107 267 2156 enim
276 2107 343 2168 Ajax
727 2103 774 2151 ecl

102 2171 179 2232 Fecit,
190 2187 246 2220 rum
256 2172 337 2220 ream
346 2171 408 2220 terro
417 2169 504 2234 pensi
521 2169 634 2218 abstinuit
642 2167 692 2218 vim
780 2197 781 2200 =

100 2239 183 2287 chre
193 2245 217 2286 et
227 2245 297 2285 nator
314 2237 378 2284 mala
387 2235 463 2284 multa
473 2243 579 2298 precatus
592 2233 689 2294 Atridis,

101 2303 160 2350 Non
171 2301 212 2350 ille
222 2309 264 2352 aut
273 2301 402 2360 Teucrum,
414 2308 456 2348 eut
465 2300 544 2362 ipsum
554 2299 649 2348 viouvit
658 2299 776 2363 Ulyssem.

102 2371 121 2430 1
129 2367 222 2414 Verum
232 2381 285 2430 ego,
296 2373 324 2414 ut
333 2367 445 2428 herentes
456 2365 551 2413 adverso
561 2363 708 2412 litorenaves
727 2365 776 2410 itt

100 2431 234 2496 Eriperem,
246 2431 348 2495 prudeus
358 2429 448 2496 placem
458 2429 570 2492 sauguine
581 2428 662 2477 Divos

97 2500 118 2560 1
127 2497 222 2560 Nempe
229 2504 281 2556 tuo,
293 2496 386 2544 furiose.
407 2498 427 2552 1
435 2495 507 2550 Meet
526 2493 566 2542 sed
576 2509 623 2542 non
634 2494 745 2542 furiosus.

99 2567 118 2628 1
126 2561 178 2620 Qui
189 2561 275 2625 species
285 2561 342 2610 alias
353 2559 411 2620 veri,
422 2557 559 2622 scelerisque
568 2559 674 2606 trimultu
729 2613 730 2616 Ἴ

98 2625 233 2677 Permutat
244 2625 327 2692 capiet,
339 2633 469 2676 emmetra
476 2623 618 2681 haiminus
636 2630 715 2686 atque,
