1864 2928
116 155 149 201 2⁰
354 147 444 199 ODAE.
463 151 485 199 1.
502 151 543 200 24.

116 281 182 330 Pone
192 281 236 328 sub
247 295 316 328 curru
326 279 425 327 nimium
436 281 561 346 propinqui

116 347 185 402 Solis,
196 345 221 391 in
232 344 294 392 terri
304 344 412 392 domibus
422 346 522 408 negati3

116 411 192 458 Duloe
202 409 315 457 ridentem
325 410 429 472 Lalagen
440 412 532 470 amabo,

245 474 322 522 Dulce
333 474 474 539 loquentem.

353 663 425 713 ouu
441 664 545 714 xx111.

378 765 530 842 iuononi.

116 919 184 968 Vitas
194 919 305 969 hinnuleo
316 937 354 970 me
364 921 456 981 similia,
468 922 551 983 chloe,

117 985 238 1044 Quaerenti
248 986 357 1050 pavidam
368 987 486 1039 montibus
497 988 555 1038 aviis

149 1045 262 1111 Matrem,
273 1057 320 1098 non
331 1052 380 1100 eine
391 1067 450 1100 vano

181 1115 302 1163 Auratum
313 1125 336 1164 et
347 1117 411 1164 siluae
421 1127 493 1166 metu.

117 1179 191 1237 Nam,
203 1195 243 1226 seu
254 1181 378 1229 mobilibus
390 1179 461 1244 [ven's
472 1182 587 1231 inhorruit

117 1243 253 1310 Adventus]
264 1245 333 1305 foliis,
346 1262 386 1294 seu
398 1246 481 1295 virides
492 1250 580 1296 rubum

149 1308 276 1356 Dimovere
286 1310 383 1370 lacerta,

183 1373 216 1420 Et
227 1374 295 1422 eorde
305 1383 328 1422 et
338 1376 435 1438 genibus
446 1377 531 1425 tremit.

116 1439 194 1502 Atqui
204 1453 250 1486 non
262 1454 304 1502 ego
315 1449 345 1499 te,
358 1441 422 1503 tigris
433 1449 460 1488 ut
470 1457 552 1506 aspere

117 1503 252 1551 oaenuusve
262 1503 307 1562 leo,
319 1503 423 1568 frangere
434 1521 570 1571 persequor:

149 1567 257 1616 Tandem
268 1567 346 1616 desine
356 1580 456 1618 matrem

183 1632 332 1694 Tempestiva
343 1635 408 1698 sequi
419 1635 475 1684 viro.
560 1643 565 1654 '

356 1830 428 1880 unu
446 1831 545 1884 xxiv.

354 1963 396 2010 Au
412 1965 552 2025 rognum.

118 2086 180 2146 Quis
191 2087 302 2136 desiderio
313 2089 342 2137 sit
352 2089 427 2151 pudor
437 2099 479 2138 aut
489 2089 573 2138 modus
680 2151 687 2159 ι

118 2152 181 2200 Tum
193 2153 349 2216 concupitis?
367 2155 469 2218 Praecipe
479 2155 591 2218 lugubres

97 2251 99 2256 -
117 2216 216 2284 Cantus,
229 2217 387 2282 Melpomene,
400 2219 437 2267 oui
448 2219 562 2284 liquidam
573 2229 639 2286 pater

183 2281 272 2330 Vocem
283 2299 337 2330 cum
348 2283 436 2332 cithari
447 2284 516 2332 dedit.

116 2345 182 2410 Ergo
191 2346 334 2406 Quintilium
345 2357 469 2412 perpetuus
480 2365 548 2414 :opor

118 2411 209 2474 Urget!
226 2412 264 2458 cui
275 2412 363 2474 Pudor,
376 2423 398 2460 et
409 2414 513 2462 Justitiae
523 2429 587 2464 soror

118 2476 257 2537 Incorrupta
268 2476 347 2535 Fides,
358 2477 468 2541 nudeque
479 2479 571 2527 Veritas

184 2539 286 2599 Quando
296 2541 372 2589 ullum
384 2541 485 2590 inveniet
495 2547 597 2606 parem?

118 2603 205 2651 Multis
216 2603 256 2652 ille
266 2605 332 2654 bonis
343 2605 426 2654 flebilis
438 2607 536 2667 occidit3

118 2667 189 2716 Nulli
199 2668 298 2718 flebilior
308 2685 380 2734 quum
391 2670 442 2732 tibi,
455 2671 548 2734 virgili·
