1842 2920
214 184 218 193 ,
314 111 510 166 EPISTOLAE.
527 113 549 164 1.
569 115 607 172 17.
743 116 791 166 5211

120 243 318 309 qlScu'rroregoi
335 245 589 310 semihi,populotu=
606 245 777 296 rectiushocet

119 309 272 372 Splendidius
278 325 303 357 m
329 319 354 358 to
364 319 405 358 sst-
422 311 507 376 Equus
515 319 542 359 ut
549 327 588 361 me
594 319 678 375 portet,
686 311 733 361 alat
741 327 792 372 rsx,

119 372 235 422 Officium
245 374 319 423 lacior
337 383 364 422 tu
375 375 609 437 poscisviliarerum‚
760 377 790 424 21

119 436 200 486 Dante
211 440 296 500 minor,
308 440 415 514 quamvis
425 441 470 488 fers
481 449 504 488 te
514 439 602 488 nullius
613 450 726 504 egentem.

120 501 236 560 {lOmnis
246 504 396 567 Aristrppum
406 504 483 554 decuit
493 504 555 553 color
565 515 588 554 et
598 514 671 557 status
681 515 704 555 et
714 521 758 568 res,
781 533 784 552 .

120 567 263 616 Tentantem
274 571 371 630 majora,
383 568 431 617 fere
441 569 592 632 presentibus
602 580 713 634 equnm3

119 631 217 692 Contra,
229 649 300 697 quem
311 632 400 696 duplici
413 647 492 696 panno
500 634 613 697 patientia
622 635 692 698 velat,
758 636 791 683 25

118 695 235 757 Mirabar,
248 697 301 745 vitoe
311 697 349 745 via
359 697 379 744 si
389 712 498 746 conversa
509 698 604 747 decebit.

116 760 187 809 Alter
197 777 341 826 purpureum
351 776 398 808 non
409 763 551 826 exspectabit
561 762 688 821 amictumr

117 824 241 884 Quidlibet
251 826 348 874 indutus
358 826 506 874 celeberrima
515 841 557 889 per
567 827 618 876 loca
628 828 705 890 vadet

115 889 291 954 Personamque
301 891 358 938 feret
368 905 415 938 non
425 891 575 939 inconcinnus
585 900 724 958 utramquet

116 953 187 1002 Alter
198 955 277 1002 Mileti
287 961 380 1003 textam
386 968 443 1002 cans
453 956 520 1018 pejus
530 965 554 1004 et
563 957 636 1019 angui
753 958 789 1007 ³⁰

116 1019 210 1068 Vitabit
220 1019 383 1082 chlamydem
400 1021 510 1068 morietur
519 1019 612 1084 frigore,
623 1021 643 1069 si
653 1037 699 1071 non

116 1083 246 1132 Rettuleris
256 1097 376 1148 pannum:
394 1083 463 1144 refer,
474 1093 498 1132 et
508 1085 557 1132 sine
568 1085 630 1133 vivat
639 1085 740 1151 ineptus.

116 1149 168 1197 Res
177 1163 265 1211 gerere,
276 1155 300 1196 et
310 1155 388 1212 captos
398 1148 517 1196 ostendere
527 1149 615 1198 civibus
625 1150 710 1215 hostes,
777 1173 778 1180 ¹

115 1213 222 1276 Attingit
233 1213 318 1261 solium
326 1214 344 1261 J
345 1213 402 1273 ovis,
414 1221 437 1261 et
447 1213 545 1262 coelestis
555 1215 635 1262 te'rrtat.

116 1277 266 1342 Principibus
276 1277 389 1340 placuisse
399 1277 462 1336 viris,
474 1292 521 1326 non
531 1278 615 1326 ultime
625 1279 677 1329 laus
688 1287 729 1344 est,
755 1281 794 1330 35·

115 1343 175 1390 Non
186 1342 258 1390 cuivis
268 1341 359 1388 homini
368 1341 481 1406 contingit
490 1342 553 1390 adire
564 1342 711 1393 Corinthum.

115 1406 191 1467 Sedit,
203 1407 244 1472 qui
255 1405 335 1456 timuit
344 1421 374 1455 ue
384 1421 431 1454 non
441 1406 584 1455 succederstr
604 1415 667 1457 esto:
820 1405 822 1412 '

116 1471 202 1530 Quid?
220 1472 261 1536 qui
271 1471 383 1536 pervenit,
395 1470 478 1519 fecitne
488 1471 603 1520 viriliter?
619 1473 697 1538 Atqui

115 1536 167 1584 Hic
183 1545 285 1650 esthosut
299 1550 425 1600 nusquam,
442 1535 505 1600 quod
521 1537 661 1600 quaerimusr
678 1539 717 1589 hic
729 1554 789 1590 onus

245 1617 280 1650 rre

114 1665 153 1713 Ut
163 1665 241 1727 parvis
251 1609 335 1713 anlrlrris
346 1672 369 1712 st
379 1681 450 1728 parvo
461 1681 554 1730 corpore
564 1667 657 1728 majuss
756 1669 788 1717 to

115 1728 165 1778 Hic
176 1730 246 1790 subit,
258 1739 281 1778 et
291 1729 384 1793 perfert.
400 1731 454 1776 Aut
464 1730 537 1778 virtus
547 1745 632 1778 noman
642 1732 711 1780 inane
721 1740 764 1794 est,

113 1794 169 1843 Aut
180 1793 249 1842 decus
259 1803 282 1841 et
292 1793 393 1856 precium
403 1805 464 1841 recte
473 1794 532 1856 petit
542 1795 660 1857 experiens
670 1797 715 1847 vir.

115 1859 202 1907 Coram
212 1873 265 1922 rege
277 1859 321 1906 sud
331 1857 360 1905 de
370 1866 506 1922 paupertate
516 1867 616 1906 caoenrae

114 1923 175 1971 Plus
185 1920 293 1984 poscente
302 1923 383 1970 serem.
400 1923 488 1980 Distat,
500 1937 608 1971 sumasne
617 1924 739 1988 pudenter,
815 1952 836 1988 ι,

112 1987 247 2050 Aurapias.
263 1987 341 2051 Atqui
349 2002 426 2035 rerum
437 1987 560 2050 capuchon
571 1997 628 2049 erat,
638 1989 676 2038 hic
686 1990 745 2040 fons.
757 1993 789 2039 45

113 2055 133 2082 ‘⁶
146 2051 256 2100 Indabara
265 2051 324 2099 milri
335 2066 398 2099 soror
407 2060 449 2112 est,
458 2053 599 2116 paupercula
608 2063 690 2115 mater,

113 2117 150 2165 Et
160 2115 248 2164 fundus
258 2131 300 2164 nec
310 2116 432 2165 vendibilis
442 2131 485 2164 nec
495 2131 586 2180 pascere
596 2117 706 2177 firmus,”

115 2180 167 2240 Qui
178 2180 243 2238 dicit,
255 2181 347 2239 elamat,
360 2184 378 2210 ‘⁶
387 2181 484 2229 victum
495 2181 574 2228 ἀπ’
590 2183 693 2232 Suceinit
704 2183 770 2245 alter,

114 2247 134 2274 ‘⁶
144 2245 351 2293 Etmihidividuo
361 2245 462 2293 findetur
472 2260 567 2293 munere
577 2247 691 2309 quadra.”
822 2259 825 2268 ’

115 2310 171 2369 Sed,
179 2310 268 2368 ¹tacitus
278 2310 341 2372 pasci
351 2311 372 2359 si
382 2317 460 2373 posset
474 2325 562 2367 corvus,
574 2310 668 2359 haberet
755 2315 788 2361 50

115 2375 176 2424 Plus
186 2373 262 2437 dapis,
273 2383 297 2422 et
307 2375 364 2423 rixas
374 2375 449 2422 multo
460 2373 538 2421 minus
548 2374 693 2440 invidiaque

115 2439 270 2488 Brundisium
279 2454 355 2488 comes
365 2449 406 2488 aut
416 2440 554 2488 Surrentum
565 2438 649 2487 ductus
659 2456 787 2501 amoenum,

116 2504 167 2564 Qui
177 2504 282 2568 queritur
292 2504 393 2553 salebras
404 2513 427 2552 et
437 2504 546 2566 acerbum
556 2503 630 2566 frigus
641 2514 664 2553 et
674 2506 779 2566 imbres,

116 2569 170 2617 Aut
180 2568 261 2617 cistam
272 2568 389 2618 effractam
400 2577 442 2616 sut
451 2567 566 2616 subducta
576 2567 659 2617 viatica
695 2577 759 2624 orst3

117 2632 635 2696 Noursfetmsrstrieisscuminssoepeoe
714 2665 722 2694 ,
755 2633 788 2678 nb
