1842 2920
300 89 449 138 SATIRAE.
467 88 503 137 ΙΙ.
521 89 544 146 7.
711 89 755 149 181

80 219 142 268 Jam
151 218 255 268 mochus
266 218 358 280 Romu,
368 219 419 280 jam
430 219 511 268 mullet
523 217 627 283 [doctor]
636 217 740 267 Athenis

79 283 176 342 Vivere,
185 283 331 342 Vertumnis,
342 293 458 348 quotquot
468 293 532 341 sunt,
544 293 613 332 natus
623 283 718 352 iniquis·
750 333 751 336 ,

81 348 166 397 Scurra
174 348 322 408 Volanerius,
334 357 459 412 postquam
469 349 505 396 dli
514 350 578 412 juste
588 348 699 412 cheragra
728 349 758 396 15

81 413 196 460 Contudit
206 413 323 469 articulos,
332 413 375 476 qui
385 429 428 476 pro
438 429 462 462 se
472 413 564 462 tolleret
573 423 644 476 atqua

81 477 191 526 Mitteret
200 477 226 524 in
236 477 344 541 phimum
355 478 422 537 telos,
433 477 634 526 mercedediurnd

83 542 234 591 Conductum
245 542 325 604 parit3
343 551 431 605 quanto
441 542 581 590 oonstantior
590 541 655 590 idem

84 607 115 654 In
127 607 198 666 vitiis,
210 615 275 654 tanto
284 606 359 654 levius
369 607 440 654 miser
450 623 477 655 ac
487 607 549 670 prior
559 607 608 666 illo,

83 671 133 730 Qui
143 673 194 732 jam
204 679 319 731 contento,
329 671 380 732 jam
390 673 454 730 laxo,
465 671 521 719 fune
531 672 628 719 laborat.
700 717 702 724 Α
724 674 757 720 20

84 739 102 798 1
109 737 166 784 Νοιι
174 735 235 784 diues
243 735 320 794 hodie,
329 751 441 798 quorsum
453 735 502 784 hau
508 746 556 784 tam
563 735 645 798 putida
652 735 758 796 tendant,

84 800 207 848 Furcifer?
224 799 292 911 {Add
300 809 333 854 te,
341 801 445 864 inquam.
463 801 545 863 {Quo
554 807 629 864 paeto,
641 801 758 865 pessime?

185 867 203 921 'i
214 866 266 913 Lau
284 880 309 912 ss

84 930 214 978 Fortunam
225 939 248 978 et
258 945 333 977 mores
344 929 445 994 antiqua
455 930 542 994 plebis3
561 939 584 978 et
595 929 666 990 idem,

84 994 111 1044 si
121 995 175 1058 quis
185 994 216 1042 ad
226 995 267 1042 illa
278 994 344 1041 Deus
355 995 431 1042 subito
441 1003 465 1043 to
475 1005 537 1059 agat,
549 1011 623 1058 usque
633 1010 739 1052 recuses;

84 1060 137 1108 Aut
147 1059 204 1123 quio
213 1074 260 1106 non
272 1059 350 1118 sentis,
363 1059 427 1122 quod
436 1059 531 1118 clauim
543 1061 627 1108 rectius
637 1075 694 1120 essa,
713 1062 758 1122 Ι25

84 1125 138 1172 Aut
148 1123 205 1188 quia
215 1138 262 1171 non
273 1124 355 1171 finnus
364 1132 453 1172 rectum
464 1124 576 1183 defendis,
588 1133 611 1172 et
621 1124 702 1186 breres,

88 1187 257 1252 Nequidquam
269 1203 332 1236 ooeuo
342 1188 437 1251 cupiens
448 1189 544 1236 evellere
554 1189 667 1252 plantam.

87 1253 171 1301 Roma
181 1269 222 1301 rus
231 1261 297 1316 optas
305 1269 313 1308 ι
331 1254 449 1300 abarum
459 1253 558 1302 rusticus
568 1255 650 1318 urbem

85 1317 161 1366 'noun
172 1317 203 1365 sd
213 1326 275 1365 astra
285 1317 349 1365 levis.
376 1317 403 1366 si
412 1333 445 1364 nu
473 1333 529 1364 uam
540 1333 563 1366 es
573 1317 632 1364 forte
642 1325 736 1366 vocatus

85 1383 127 1431 Ad
137 1397 235 1442 orarum,
247 1381 329 1430 laudas
340 1396 446 1429 securum
456 1397 470 1429 o
480 1397 522 1430 us:
540 1382 759 1446 ac‚ve1utusquam

86 1447 186 1495 Vinctus
197 1462 243 1507 eas,
255 1447 288 1494 ita
298 1455 322 1494 ta
330 1445 423 1494 felieem
433 1446 499 1505 diois,
510 1461 629 1511 amesque,
725 1447 756 1494 31

86 1510 158 1570 Quod
169 1526 286 1575 nusquam
297 1511 340 1558 tibi
351 1511 380 1559 sit
389 1510 526 1574 potandum.
549 1511 651 1569 Jusssrit
660 1511 691 1560 ad
701 1527 726 1560 se

86 1576 205 1625 orsoenos
216 1591 292 1624 serum
304 1578 348 1624 sub
358 1574 449 1634 lumina
475 1576 535 1624 rimu
544 1577 623 1625 venue

86 1640 231 1698 Convivam
249 1641 351 1689 Nemon’
362 1640 450 1688 oleum
462 1651 495 1688 ert
505 1645 594 1705 ocyus?
611 1641 690 1705 aequis

85 1705 182 1754 Audit?
200 1721 254 1754 oum
264 1721 350 1768 magno
360 1705 459 1754 blateras
469 1707 577 1765 clamore,
588 1707 700 1780 iurisque.
726 1706 759 1754 35

87 1769 190 1818 Milvius
201 1779 224 1818 et
234 1786 326 1828 sourrae,
338 1769 381 1818 tibi
392 1781 439 1818 non
449 1771 566 1819 referenda
576 1779 670 1834 presan,

86 1833 224 1883 Disoaduut.
248 1835 344 1882 Etenim
354 1834 428 1882 fateor
438 1850 485 1890 me,
496 1835 581 1884 dixerit
590 1836 639 1894 ille,

86 1898 152 1947 Duei
162 1908 242 1948 ventre
251 1899 341 1954 levem
359 1913 443 1947 nasum
453 1899 534 1947 nidore
544 1901 655 1964 supin0r3

86 1963 233 2023 Imbecillus,
245 1963 315 2022 iners,
327 1965 346 2011 si
356 1963 414 2026 quid
425 1963 468 2022 vis,
480 1963 548 2026 adde,
559 1965 653 2030 popino.
708 1961 712 1966 “
758 2006 762 2014 .

87 2029 138 2088 Tu,
150 2043 206 2076 cum
217 2028 247 2076 sis
258 2028 322 2092 quod
330 2043 381 2092 ego,
393 2037 416 2076 at
423 2028 525 2091 fortassis
535 2031 639 2095 nequior,
650 2031 712 2081 ultro
728 2025 762 2078 40'

86 2094 213 2152 Intestino,
225 2093 290 2141 velut
299 2093 397 2140 melior?
414 2095 537 2159 verbisque
547 2095 634 2144 decoris

86 2157 209 2207 Obvolvaa
219 2157 320 2206 vitium?
337 2158 413 2218 Quid,
424 2159 444 2206 si
454 2175 493 2208 me
503 2160 595 2208 stultior
604 2160 664 2223 ipso,

85 2222 231 2286 Quingentis
241 2231 304 2270 emto
314 2222 440 2284 drachmis,
451 2223 614 2286 deprenderis?
631 2224 708 2272 Aufer

86 2287 132 2335 Me
142 2287 212 2335 vultu
221 2295 321 2346 terrem
338 2303 437 2336 manum
447 2289 640 2352 stomanhumquo
649 2295 736 2350 teneto,
761 2323 763 2332 ι

86 2353 166 2414 Dum,
178 2367 232 2416 quoe
242 2351 345 2416 Crispini
354 2351 434 2400 docuit
443 2365 482 2402 me
490 2353 585 2414 janitor,
597 2353 647 2402 odo.
731 2349 766 2402 45'

87 2417 126 2465 Te
137 2417 226 2478 coniux
236 2407 312 2466 alima
322 2419 393 2480 capit,
404 2417 549 2466 meretricula
559 2417 670 2466 Darumr

86 2481 175 2530 Peuoat
185 2490 236 2530 uter
246 2471 352 2530 nostrim
363 2497 430 2531 cruce
440 2481 553 2545 dignius?
571 2483 640 2531 Aeris
649 2481 692 2532 ubi
703 2497 742 2530 me

86 2546 115 2595 N
116 2554 185 2595 stura
195 2545 309 2606 intendit,
320 2548 363 2595 sub'
374 2547 437 2595 olari
447 2546 511 2594 nuda
520 2546 616 2595 luterni

90 2611 260 2676 Quacumque
269 2610 360 2676 excepit
369 2611 483 2676 turgentis
493 2613 588 2663 verbera
597 2611 697 2671 osudoe,

620 2689 640 2727 Ii
