1828 2926
327 99 476 152 SATIRAE.
494 101 516 149 1.
533 103 557 149 2.
734 99 780 154 lm

104 229 209 291 Aooidit,
220 239 248 280 ιιι
257 229 351 280 suum
361 237 429 278 testes
437 229 584 294 caudamque
593 229 692 278 salutem
747 228 779 274 45

105 293 240 343 Demeteret
249 294 344 343 ferrum.
361 295 430 354 June,
442 309 529 344 omnes.
546 293 623 342 Galba
633 294 740 356 negabat.
777 313 785 324 ·

81 413 83 418 .
106 358 192 414 Tutior
202 369 227 407 et
236 368 324 423 quanto
334 375 401 408 merx
412 369 446 408 est
455 360 480 408 in
491 360 563 408 cloes
573 358 690 408 secundis!

105 422 280 471 Libertinorum
291 424 350 485 dico,
362 423 485 473 Sallustius
495 423 521 470 in
532 438 590 487 ques

103 487 163 534 Non
174 488 252 536 minus
262 489 357 549 insanit,
366 503 439 552 quom
449 489 491 552 qui
501 488 645 536 moechatum
657 495 682 536 ot
690 486 737 548 bie,
748 486 777 544 si,

105 549 163 612 Qui
172 567 216 613 res,
228 553 277 617 qud
287 553 469 611 rstio‘suoderet,
481 553 575 616 quique
585 552 688 600 modeste
746 553 779 599 50

104 614 223 664 Munifico
234 633 283 666 esse
293 617 355 678 lieet,
367 617 436 666 vellet
445 619 520 666 bonus
530 626 601 680 etque
610 617 725 679 benignus

104 679 179 737 Esse3
197 681 262 730 duret
287 691 387 730 uantum
397 681 453 730 setis
464 690 530 742 esset,
542 695 585 729 neo
595 681 640 728 sibi
650 681 736 728 domm

104 698 348 810 Deuemoqueloretz
360 761 441 794 verum
451 746 496 794 hoo
506 762 530 796 oe
540 761 578 794 om
630 745 687 793 titur
696 760 761 792 unos

97 808 160 862 ,Hoc
168 820 239 870 amat,
246 811 290 858 boo
298 811 391 858 laudet:
403 811 539 858 Meteonem
548 825 563 857 n
646 826 688 872 ego
695 818 777 872 tengo3

103 873 140 920 Ut
151 875 269 936 quondam
280 875 404 935 Mersaeus,
416 884 505 922 ametor
515 874 629 938 Originis,
640 874 689 933 ille,
746 876 778 921 55

13 961 16 966 ·
103 937 155 996 Qui
165 939 266 1002 patrium
274 940 354 988 mime
364 939 436 988 donet
444 939 593 1003 fundumque
602 938 730 1014 laremque,
750 969 767 1015 .'

103 1001 149 1049 Nil
158 1003 228 1050 fuerit
238 1005 282 1064 mi,
295 1005 380 1068 inquit,
389 1019 443 1052 eum
453 1004 565 1052 uxoribus
574 1019 680 1068 unquam
688 1005 776 1070 altenis.

103 1066 196 1124 Verum
206 1076 240 1116 est
251 1083 304 1116 oum
311 1068 399 1128 mimis,
409 1077 507 1124 osteum
517 1069 686 1126 mereti-loibum
699 1068 762 1116 unde

66 1171 69 1176 .
103 1130 180 1178 Fame
195 1133 286 1180 malum
301 1133 403 1197 gravius,
417 1148 489 1196 quem
505 1149 549 1195 res,
566 1132 644 1182 nabit.
674 1133 719 1182 An
734 1132 778 1182 tibi

160 1245 163 1252 ,
200 1197 294 1246 abunde

104 1261 231 1310 Personam
244 1261 298 1310 setis
308 1270 351 1321 est,
363 1277 410 1312 non
420 1262 488 1322 illud,
516 1262 557 1310 uid
574 1261 615 1310 uid
625 1261 713 1326 ubique
745 1263 777 1311 60

101 1325 193 1385 ,efficis
205 1326 308 1376 evitare?
325 1327 418 1376 Bonam
429 1327 474 1390 dep
514 1279 658 1385 srelemsm,

102 1389 166 1438 Rem
176 1391 248 1456 patris
259 1391 380 1452 oblimare,
390 1393 481 1440 mulum
491 1401 526 1440 est
539 1391 689 1455 ubicumque.
711 1389 777 1450 Quid

199 1457 270 1504 inter.

102 1529 146 1579 est,
158 1521 183 1568 in
194 1522 309 1582 metroni,
321 1522 413 1580 snoilli,
424 1537 531 1586 peooesve
541 1520 639 1585 togati?

101 1585 193 1633 Villius
202 1586 228 1633 in
239 1587 327 1635 Fausti
337 1587 410 1636 Sullae
420 1602 499 1650 gener,
509 1586 554 1635 hoo
564 1586 634 1634 miser
644 1599 692 1632 uno

101 1649 208 1698 Nomine
218 1650 337 1715 deceptus,
348 1666 426 1716 poenss
437 1651 501 1699 dedit
511 1667 585 1715 usque
595 1664 711 1714 superque
743 1650 775 1697 65

101 1714 184 1774 Quam
195 1715 249 1764 estis
259 1725 294 1764 est
303 1732 312 1773 ;
327 1717 413 1780 pugnis
424 1731 504 1775 cesus,
515 1716 621 1780 festoque
631 1715 734 1779 petitum

101 1777 222 1828 Exclusus
232 1780 289 1840 lore,
300 1796 355 1828 eum
366 1781 518 1844 longorenus
528 1779 587 1828 foret
597 1780 668 1827 intus.

101 1842 168 1892 Huic
178 1845 206 1902 si,
217 1845 321 1892 mutonis
331 1845 406 1894 verbis
416 1844 479 1892 mels
489 1852 554 1892 tonte
564 1843 671 1903 videntis,

101 1907 365 1965 Diuerethaecanimus;
378 1909 551 1968 Quidvistibi?
560 1906 776 1971 numquidegonte

100 1972 194 2036 Magno
205 1983 344 2037 prognatum
355 1972 453 2039 deposco
463 1973 556 2022 consule
566 1987 679 2032 cunnum,
744 1971 776 2027 70

100 2037 262 2101 velatumque
273 2037 339 2098 stoli,
351 2053 404 2090 meo
414 2053 468 2088 cum
478 2037 608 2088 conferbuit
618 2037 671 2088 ire?
706 2071 710 2080 .

96 2101 168 2160 ,Quid
178 2101 343 2164 responderet?
360 2103 451 2166 Magno
460 2111 526 2166 patre
536 2110 592 2150 nats
601 2101 681 2164 puello
691 2107 733 2148 est.

99 2166 137 2213 At
148 2177 237 2229 quanto
247 2165 343 2216 meliora
352 2175 440 2227 monet,
451 2166 627 2230 pugnantiaque
636 2165 694 2225 istis,

100 2229 176 2278 Dives
186 2232 237 2294 opis
248 2239 398 2291 naturatum,
411 2231 468 2279 situ
479 2231 549 2278 modo
559 2239 619 2278 recte
637 2233 641 2242 '

99 2294 244 2358 Dispensare
254 2295 323 2354 velie·
330 2311 357 2344 ec
367 2311 415 2343 non
424 2295 535 2358 fugiende
545 2294 650 2358 petendis
743 2293 775 2350 75

100 2359 253 2409 Immiscere!
271 2360 327 2408 Tuo
337 2359 401 2421 vitio,
413 2375 528 2419 rerumne,
540 2361 639 2418 labores,

85 2437 87 2466 :
100 2422 146 2470 Nil
156 2423 240 2472 referre
249 2433 319 2488 putes
330 2427 341 2472 l
358 2424 446 2484 Quare,
458 2439 487 2471 ne
498 2424 652 2486 poeniteam,

99 2485 317 2548 Desinemstrones
327 2489 440 2547 sectarios,
451 2489 514 2536 unde
524 2488 608 2536 laboris

99 2551 159 2601 Plus
168 2552 261 2602 haurire
272 2553 329 2602 mali
340 2562 382 2613 est,
390 2568 463 2617 quom
474 2569 504 2601 ex
514 2569 539 2600 re
549 2553 669 2666 dooerffire
679 2552 774 2600 fruetbs.

99 2615 152 2684 Neo
162 2617 238 2684 magis
247 2617 312 2682 huic,
323 2618 383 2668 inter
393 2617 472 2668 niveos
482 2615 611 2681 viridesque
643 2616 712 2680 pillos
743 2615 775 2673 80
