1842 2920
310 100 457 154 suumn.
474 101 511 150 11.
526 102 550 148 a.
707 77 773 152 rso'

97 229 222 281 Imsdnias
233 229 294 278 soliti
304 229 337 278 im
384 246 409 279 so
418 231 530 294 prandere
539 228 655 288 animasse
722 232 771 278 245

94 297 218 355 Quorsum
225 296 324 344 abeant?
336 245 425 360 ΕΜ]
434 296 504 355 armis,
513 311 543 342 au
551 297 648 344 narbone
655 295 770 346 notandi?
841 307 843 312 ’

94 361 223 410 AEdifiaare
233 375 304 416 casas,
315 360 421 422 plostello
432 360 557 422 adjungere
567 375 653 420 mures,

96 425 192 474 Ludere
202 441 245 488 par
255 425 339 486 impar,
350 425 452 488 equitare
462 425 487 472 in
498 425 610 472 andins
620 425 699 489 longa,

94 490 123 538 Si
134 506 205 552 quem
216 489 312 537 delectet
321 491 452 547 barbatum,
464 489 565 538 amentia
575 499 655 538 verset.
669 503 671 508 ·

94 554 123 602 si
133 553 245 615 puerilius
255 553 301 610 his,
312 555 370 602 ratio
380 569 428 604 esse
438 554 535 612 evincet,
547 569 641 614 amare3
720 556 769 602 250

95 618 151 666 Nec
162 619 289 682 quidquam
300 617 399 676 differre,
410 626 520 666 utrumne
530 618 555 664 in
569 619 673 680 pulvere,
685 619 770 666 nimus

94 681 176 741 Quale
185 683 258 746 prius,
269 681 336 731 ludas
346 698 413 746 opus,
424 698 454 730 sn
465 683 589 731 meretricis
600 699 679 731 amore
703 718 705 722 -

95 746 214 795 Sollicitus
224 748 314 810 plores3
331 761 418 842 puero,
429 747 537 805 lederna,
549 748 612 811 quod
622 748 680 796 olim

93 811 206 858 Mutatus
217 811 342 860 Polemon.
363 826 435 874 ponae
444 811 544 876 insignis
554 812 638 872 morbi,

94 875 222 935 Fasciolas,
230 875 325 934 cubitat,
336 875 427 934 focalia
435 885 503 938 potus
513 886 541 924 ut
551 877 591 924 ille
704 915 707 920 .
720 876 769 924 255

93 939 189 988 Dicitur
200 955 229 988 ex
239 940 298 988 eollo
308 939 390 988 furtim
400 941 510 1004 mrpsisse
519 957 622 1002 ooronas,

94 1003 225 1067 Postquam
236 1012 270 1052 est
280 1003 391 1068 impransi
401 1014 517 1068 eorrepurs
527 1021 582 1054 voce
592 1004 718 1068 magistri?

93 1067 198 1132 Pon-igis
208 1068 266 1116 irato
277 1083 348 1131 puero
359 1084 412 1117 cum
423 1085 500 1132 poma,
512 1079 614 1120 recusata

94 1133 178 1190 Sume,
191 1132 291 1190 cotenu
308 1141 390 1196 nagatr
408 1133 483 1182 sinon
494 1134 543 1193 des,
555 1143 626 1198 optat
642 1135 743 1184 Amator

93 1197 214 1245 Exalusus
224 1199 266 1261 qui
277 1197 355 1257 distat,
367 1198 415 1260 agit
427 1199 468 1246 ubi
481 1215 568 1258 seeum,
579 1209 624 1258 eat,
636 1215 667 1247 an
677 1215 733 1258 non,

50 1313 52 1320 ,
93 1260 153 1320 Quo
163 1261 277 1310 rediturus
287 1270 335 1310 erat
346 1277 393 1310 non
403 1263 530 1325 aroessitus,
542 1273 565 1312 et
575 1265 646 1312 haeret
718 1265 764 1312 261

94 1325 183 1374 Invisie
193 1325 296 1374 foribus?
314 1327 339 1374 N
340 1342 353 1374 e
363 1342 433 1383 nnnc,
446 1343 499 1376 cum
510 1345 549 1378 me
560 1337 625 1378 vocat
635 1329 706 1388 ultro,

91 1390 234 1439 Accedam?
251 1405 281 1438 an
292 1391 368 1454 potius
379 1391 476 1439 mediter
486 1392 552 1440 finire
563 1391 669 1441 dolores?

91 1455 213 1514 Exclusit,
225 1465 327 1504 revocat:
345 1456 451 1504 rdeam?
468 1471 523 1516 non,
535 1458 555 1504 si
565 1459 672 1506 obsecret.
689 1457 751 1506 Eone

93 1520 189 1578 Servus,
201 1535 247 1568 non
257 1521 329 1632 pp&
339 1521 474 1584 sapientiem
488 1521 584 1581 0here,
596 1524 649 1585 qn'se
660 1537 695 1569 res
718 1523 766 1569 265

93 1583 251 1632 Neomodum
334 1601 410 1649 neque
418 1585 549 1646 consilium,
557 1585 767 1650 rationemodoque

92 1649 201 1696 Tractari
211 1663 258 1696 non
264 1649 320 1698 vult.
339 1650 370 1697 In
378 1666 456 1698 amore
464 1651 513 1698 haec
520 1651 656 1707 auntmala;
668 1651 766 1712 bellum,
862 1661 866 1667 '

92 1713 147 1761 Pax
158 1729 265 1770 mrsums
282 1713 331 1762 haec
342 1715 433 1778 siquis,
444 1715 585 1778 tempestatis
595 1731 667 1778 prope
676 1714 723 1762 ritu

92 1777 204 1836 Mobilis,
216 1778 434 1828 oeaedfluanua
442 1789 509 1838 sorte,
518 1780 606 1828 laboret
816 1808 820 1820 ·

92 1842 203 1890 Reddere
213 1851 274 1890 certa
284 1843 336 1902 sibi,
348 1843 421 1890 nihilo
431 1844 484 1906 plus
495 1845 601 1908 explicet,
613 1859 640 1892 ao
651 1841 670 1891 si
718 1844 766 1900 270

90 1906 200 1956 Insanire
209 1915 275 1969 paret
285 1903 346 1954 cerat
356 1907 444 1956 ratione
453 1908 575 1972 modoque.

92 1970 181 2029 Quid?
199 1986 262 2030 cum,
274 1971 364 2019 Picenis
375 1987 498 2035 excerpens
508 1973 596 2021 semina
606 1973 690 2038 pomis,

92 2035 199 2095 Gaudes,
211 2035 231 2082 si
242 2050 356 2082 mineram
366 2037 466 2099 percusti
476 2037 542 2095 forta,
553 2053 624 2102 panes
635 2046 658 2086 te
668 2037 711 2086 es?

91 2098 179 2157 Quid?
197 2115 251 2148 aum
261 2100 331 2147 balba
341 2099 394 2148 feris
405 2115 491 2149 annom
501 2104 570 2151 verba
580 2103 667 2166 palato,

91 2163 236 2212 ludificante
247 2179 309 2212 oesas
319 2165 361 2228 qui
372 2166 466 2214 saniori
483 2166 554 2214 Adde
563 2183 667 2215 cruorem
716 2165 766 2222 275

91 2227 212 2294 stultitiam
229 2237 300 2292 atque
317 2228 396 2292 ignem
409 2229 487 2293 gladio
502 2238 617 2280 temtaret
628 2231 714 2292 modo,
729 2231 766 2278 in-

207 2309 273 2353 uam,
386 2315 392 2322 ·

91 2311 320 2422 Helladeqpercussi,
333 2359 424 2408 Marius
431 2375 490 2408 eum
499 2359 627 2425 praoipitdt
637 2377 668 2418 se,

91 2421 196 2470 Cerritus
207 2423 271 2471 fuit?
288 2439 318 2472 an
329 2435 450 2473 commotae
460 2425 556 2474 crimine
566 2425 651 2474 mentis

89 2487 208 2536 Absolses
218 2488 347 2549 hominem,
358 2498 382 2536 et
392 2490 482 2538 sceleris
492 2489 612 2539 damnabis
623 2489 740 2550 eumdem,

88 2550 131 2598 Ex
142 2565 206 2600 more
216 2553 338 2617 imponens
348 2564 446 2618 cognata
455 2555 569 2604 sooabuls
578 2557 668 2604 rebus?
717 2554 766 2601 280

89 2614 228 2666 Libertinus
238 2625 295 2680 erat,
306 2617 445 2682 quieircum
456 2618 558 2689 dompita
567 2619 641 2681 ¹siccus

324 2695 332 2707 ⁴
616 2695 635 2732 Q
