1842 2920
318 147 466 201 SATIRAE.
484 147 520 197 11.
537 148 560 196 4.
729 147 775 203 173

106 275 238 325 Natureme
256 277 356 342 simplex
366 293 379 326 e
389 276 451 326 dulei
461 283 551 326 oonstut
560 275 630 336 olivo,

107 341 179 400 Quod
188 341 271 406 pingui
280 343 374 390 miscere
384 357 448 389 mero
457 342 580 404 muriique
590 341 686 404 decebit,
745 341 777 388 dd

107 406 164 454 Non
176 406 222 454 elie
233 421 304 471 quam
315 407 362 470 qut
372 407 488 470 Byzantia
498 407 577 469 putuit
585 421 645 453 ores.

107 469 162 518 Hoc
173 471 214 518 ubi
223 470 345 519 confusum
355 471 421 518 sestis
431 470 543 519 inferbuit
552 469 636 530 herbis,

108 534 252 598 Corycioque
262 550 328 582 erooo
338 551 443 599 sparsum
454 535 531 591 stetit;
548 535 642 597 insuper
652 533 723 582 addes

50 637 56 650 .
109 599 191 646 Pressa
201 599 340 649 Vermirnuse
350 599 414 664 quod
423 602 494 648 beses
502 599 590 647 remisit
599 599 673 648 olive.

109 663 200 711 Picenis
211 663 296 712 oedunt
306 665 381 728 pomis
393 664 502 712 Tiburtia
512 679 595 724 eueco3
747 661 779 718 70

108 727 173 774 Nem
184 727 242 776 fecie
252 736 368 792 prestent.
384 728 507 778 Venucula
517 729 623 776 convenit
632 729 699 786 ollis3

108 791 205 840 Rectius
214 792 335 840 Albanam
345 792 412 840 fumo
422 793 538 841 duraveris
549 809 628 840 uvam.

109 855 180 904 Hune
190 871 233 920 ego
243 871 297 905 cum
308 857 384 918 malm,
396 873 438 922 ego
449 857 529 906 iaeoem
539 857 629 920 primus
639 865 663 906 et
671 857 747 917 halet,

108 920 204 968 Primus
215 929 238 969 et
247 920 351 970 invenior
360 922 426 986 piper
436 923 525 981 elbum,
537 937 591 969 cum
602 923 649 971 sale
659 923 725 986 nigro

108 985 238 1045 Ineretum,
249 985 314 1050 puris
324 985 512 1051 circumposuisse
522 987 612 1035 catillis.
747 986 780 1042 75

108 1048 218 1098 Immene
228 1059 262 1098 eet
272 1050 364 1110 vitium,
376 1051 430 1100 dere
439 1051 514 1100 millis
524 1059 589 1100 tems
599 1051 706 1114 metello,

107 1115 265 1180 Anguemque
275 1131 345 1179 vegos
353 1115 425 1178 pisoes
435 1132 516 1180 urgere
526 1117 608 1166 catino.

107 1179 201 1242 Magne
210 1189 288 1228 movet
295 1181 415 1238 ‚stomacho
425 1180 526 1241 fastidis,
538 1195 578 1229 sen
588 1197 647 1244 puer
656 1180 733 1229 unctis

108 1243 229 1292 Tenessis
239 1245 334 1293 uslieem
343 1245 460 1304 menibus,
471 1245 529 1293 dum
538 1244 601 1293 furtu
610 1246 702 1308 ligurrit
710 1261 719 1304 3

108 1308 162 1357 Sive
172 1309 248 1372 gravis
259 1309 330 1357 veteri
340 1317 431 1358 creterae
441 1309 512 1358 limus
522 1309 625 1358 mhaesit.
747 1309 780 1358 80

107 1372 204 1420 Vilibus
215 1373 240 1420 iu
252 1373 334 1438 soopis,
345 1374 370 1420 in
381 1374 481 1438 mappis,
491 1375 517 1422 in
527 1376 602 1434 soobe,
614 1382 716 1439 quantus

109 1436 221 1486 Consistit
231 1440 341 1488 sumtus?
358 1438 476 1502 neglectis,
485 1439 599 1504 flagitium
609 1440 699 1503 ingens.

109 1501 172 1550 Ten’
183 1501 271 1566 lapides
282 1501 356 1551 serios
366 1503 481 1552 lutulenti
491 1505 571 1552 rudere
579 1504 666 1568 pulsnt,

107 1565 143 1614 Et
153 1566 238 1630 Tyrias
248 1567 302 1615 dere
312 1567 399 1616 emtum
409 1567 475 1616 illese
484 1569 565 1618 torulis
575 1579 663 1628 vestest

108 1629 228 1691 Oblinsm,
240 1641 328 1698 quanto
338 1647 417 1680 eurem
429 1642 579 1698 sumtumque
590 1635 705 1684 minorem
747 1635 780 1683 85

108 1695 170 1744 Hoeo
180 1695 288 1754 habeant,
300 1705 365 1745 tento
375 1698 480 1762 reprendi
489 1699 574 1760 justius
585 1699 640 1761 illis,

109 1759 173 1819 Qum
183 1760 227 1808 uisi
237 1761 347 1810 divitibus
357 1772 473 1824 nequeunt
483 1764 614 1826 eontingere
624 1764 710 1813 mensis
719 1766 731 1813 t

108 1826 214 1882 {Docte
224 1825 286 1886 Ceti,
297 1842 338 1890 per
348 1827 474 1876 amicitiem
484 1827 604 1892 Divosque
613 1836 715 1892 rogetus,

107 1889 203 1939 Ducere
212 1905 251 1939 me
261 1891 377 1952 auditum,
388 1907 469 1956 perges
479 1907 634 1957 quocumque,
646 1900 771 1942 memerito.

107 1955 184 2016 Nem,
196 1956 302 2019 quemvis
313 1957 396 2006 referm
406 1957 504 2004 memori
513 1956 572 2005 mihi
582 1966 673 2021 pestere
683 1965 776 2016 ornem,

107 2019 165 2068 Non
177 2027 255 2068 tamen
266 2020 378 2084 interpres
388 2021 534 2070 tantumdem
543 2021 646 2084 juveris:
663 2023 722 2071 udde
749 2021 779 2070 91

106 2083 211 2135 Vultum
232 2085 386 2149 habitumque
405 2083 520 2145 hominis;
548 2103 619 2152 quem
640 2095 667 2136 tu
688 2085 782 2148 vidisse,

205 2151 295 2211 beetur,

105 2212 166 2262 Non
176 2214 258 2278 megni
267 2213 357 2280 pendis,
368 2215 423 2279 quis
431 2215 540 2280 sontigits
558 2216 652 2266 etmihi
662 2232 718 2266 curs

108 2279 167 2328 Non
178 2278 300 2328 mediocris
311 2279 378 2339 inest,
389 2279 464 2330 fontes
474 2289 501 2329 ut
511 2281 573 2330 edire
583 2291 693 2343 remotos,

107 2343 192 2408 Atque
202 2343 295 2394 haurire
305 2359 390 2410 queam
401 2346 455 2396 vite
464 2355 579 2412 precepta
587 2348 668 2396 bestae·
751 2348 783 2396 95
