1842 2920
159 119 206 168 188
351 119 543 171 EPISTOLAE.
560 121 582 168 Ι.
601 121 622 167 1.

156 247 233 298 lanu
242 247 334 296 videtur
343 263 402 312 opus
412 249 563 306 debentibusr
580 255 609 296 ut
617 248 684 313 piger
693 262 772 297 eunus
794 249 826 297 21

156 313 265 375 Pupillis,
277 329 335 377 qucs
345 313 404 361 dure
414 315 499 376 premit
509 313 612 362 custodie
621 322 741 372 metrum

155 378 194 426 Sic
205 377 263 424 mihi
274 378 339 426 tarde
350 379 427 426 fluunt
434 379 570 442 ingrataque
577 387 691 442 tempore,
700 392 828 490 qureopem

155 441 332 507 Consiliumque
342 453 462 490 morentur
472 443 556 506 agendi
566 443 671 506 gnaviter
681 443 707 489 id
717 459 751 506 qu

155 505 235 570 AEque
245 508 385 572 pauperibus
393 507 494 572 prodest,
506 506 659 572 locupletibus
669 521 751 571 reque3
791 508 824 553 25

154 571 235 635 AEque
245 571 377 636 neglectum
387 572 465 635 pueris
476 571 615 636 senibusque
625 571 724 620 nocebit.

154 635 246 696 Restat,
255 647 283 684 ut
289 637 326 684 his
334 652 378 700 ego
385 653 423 684 me
431 637 479 700 ipse
487 653 565 700 regem
575 637 680 702 solerque
690 633 823 684 elementis:

154 701 212 748 Non
222 703 295 764 possis
305 703 372 750 oculo
382 711 497 766 quantum
507 702 642 750 contendere
653 702 772 765 Lynceus,

154 766 211 813 Non
222 775 300 815 temen
310 766 395 814 idcirco
405 778 537 814 contemnes
546 767 625 830 lippus
635 765 734 830 inungi3

153 831 214 890 Nec,
224 832 280 895 quie
289 831 394 894 desperes
403 831 482 880 invicti
491 834 597 880 membru
607 831 727 894 Glyconis,
791 831 823 878 ³0

153 895 250 944 chcsi
261 911 343 960 corpus
353 896 413 944 nolis
421 896 540 960 prohibere
550 893 665 958 chuugri.
694 923 697 934 ·

152 961 199 1008 Est
209 960 311 1024 quidem
322 961 413 1024 prodire
424 969 500 1022 tenus,
512 961 532 1009 si
543 975 590 1007 non
601 960 670 1008 datm
679 960 750 1008 ultre.

153 1024 237 1073 Fervet
246 1025 343 1073 amutii
353 1027 482 1090 miseroque
492 1025 600 1088 cupidine
610 1024 709 1088 peetus?

152 1089 214 1138 Sunt
224 1091 294 1138 verbe
304 1099 328 1137 et
339 1105 413 1150 voces,
424 1090 510 1154 quibus
520 1091 583 1138 hunc
593 1089 665 1138 lenire
674 1089 780 1138 dolorem

152 1153 238 1215 Possis,
250 1163 273 1202 et
282 1169 393 1218 msgmm
404 1155 479 1203 morbi
489 1155 601 1219 deponere
611 1163 709 1217 partem
790 1155 821 1202 35

152 1218 241 1268 Laudis
251 1235 329 1268 rmore
339 1220 435 1268 tumes?
451 1229 506 1268 sunt
516 1228 576 1268 certe
586 1219 685 1282 piacula,
697 1235 752 1284 quae
762 1226 785 1266 te

151 1283 201 1332 Ter
211 1301 268 1348 pure
278 1285 338 1332 lecto
348 1293 456 1348 poterunt
466 1299 566 1333 recreare
575 1284 662 1332 libello.-

151 1349 258 1410 Invidus,
269 1349 402 1408 iracundus,
413 1350 482 1409 iners,
494 1349 598 1408 vinosus,
609 1355 716 1408 amiton

151 1414 230 1462 Nemo
240 1415 297 1462 adeo
307 1415 369 1462 ferus
380 1423 423 1474 est,
434 1422 462 1462 ut
472 1429 519 1462 non
530 1415 647 1463 mitescere
657 1414 739 1476 possit,

151 1479 177 1527 si
188 1480 258 1527 modo
268 1481 364 1527 culturae
374 1480 500 1542 patientem
511 1477 640 1526 commodet
650 1494 738 1526 curn.
789 1480 819 1528 40

151 1542 233 1592 Virtus
244 1553 278 1592 est
288 1544 371 1592 vitium
383 1545 471 1608 fugere,
482 1552 506 1592 et
516 1544 629 1608 sapientie
638 1543 715 1606 prims

150 1609 255 1657 Stultitii
266 1609 372 1658 semisse.
397 1609 478 1668 Vides,
491 1624 544 1673 quae
553 1607 657 1656 maxime
667 1609 741 1658 credis

150 1673 209 1721 Esse
220 1674 290 1733 mule,
302 1673 414 1737 exiguum
426 1689 528 1730 censum,
542 1681 680 1737 turpemque
692 1675 819 1740 repuinm,

149 1738 247 1797 Quanto
257 1738 342 1788 devites
352 1740 425 1788 enimi
434 1739 561 1802 cupitisque
571 1738 656 1786 lsbcre.

149 1803 255 1869 Impiger
265 1813 379 1853 extremm
389 1805 461 1854 curris
471 1811 583 1852 mercator
593 1802 624 1850 ed
635 1801 715 1864 Indos,
788 1805 818 1851 45

149 1869 197 1918 Per
207 1885 270 1918 mare
280 1869 414 1934 pauperiem
425 1869 525 1932 fugiens,
536 1883 578 1930 per
588 1883 653 1928 ιιιιι,
665 1884 706 1932 per
716 1867 797 1930 ignes:

149 1932 189 1980 Ne
200 1949 263 1982 cures
274 1951 301 1982 ee
312 1951 364 1998 quae
375 1935 444 1983 stulte
454 1933 544 1982 mireris
554 1941 577 1982 et
587 1941 661 1996 optes,

148 1997 245 2046 Discere
255 2006 278 2047 et
288 1998 368 2047 audire
379 2009 402 2048 et
411 1999 500 2048 meliori
511 1999 600 2047 credere
610 2011 657 2046 ιιοιι
668 1997 721 2046 ris?

149 2061 219 2121 Quis,
231 2063 317 2110 circum
328 2079 400 2126 pagos
411 2073 434 2112 et
444 2063 530 2112 circum
541 2061 643 2125 ccmpite
651 2077 759 2126 pugnax,

148 2126 242 2188 Magne
251 2128 354 2176 coronari
364 2137 496 2178 contemnat
507 2127 628 2192 Olympia,
640 2128 678 2175 cui
689 2142 751 2190 spes,
788 2129 818 2176 50
896 2153 897 2157 =

149 2191 195 2240 Cui
205 2192 236 2240 sit
246 2192 354 2250 conditio,
365 2193 440 2242 dulcis
451 2194 499 2243 sine
509 2193 603 2257 pulvere
613 2191 716 2255 palme?

147 2255 226 2304 Vilius
237 2266 359 2321 argentum
370 2266 405 2306 est
415 2274 479 2318 auro,
488 2257 611 2307 virtutibus
621 2273 713 2305 eurum.

147 2317 172 2368 0
183 2320 257 2369 cives!
276 2321 352 2370 cives!
370 2323 493 2386 querende·
502 2322 601 2385 pecunie
610 2323 715 2386 primum
726 2330 775 2381 est3
812 2357 814 2362 -
895 2309 896 2335 ¹

148 2383 230 2431 Virtus
240 2395 294 2448 post
303 2401 427 2435 nummos:
444 2387 495 2435 haec
505 2389 582 2436 Jenus
592 2401 700 2436 summus
710 2390 741 2436 ab
752 2387 800 2435 imo
894 2415 895 2418 =

148 2447 277 2506 Producetr
295 2449 345 2497 haec
354 2450 460 2498 recinunt
468 2452 566 2512 juvenes
576 2451 662 2502 &teu
672 2467 793 2517 senesque,
894 2447 895 2515 i

148 2509 220 2557 Laevc
231 2513 336 2574 suspensi
346 2513 434 2562 loculos
445 2515 596 2578 tabulamque
605 2516 697 2564 lacerto.
785 2516 816 2564 56

148 2571 195 2620 Est
205 2575 297 2622 unimus
308 2576 359 2635 tibi,
370 2585 426 2624 sunt
436 2593 519 2638 mores,
531 2587 565 2627 est
574 2580 657 2644 lingua
667 2579 785 2645 fidesque:

149 2636 381 2702 sedquedringentis
392 2656 441 2704 sex,
453 2649 550 2709 septem,
562 2644 638 2693 millia
647 2644 741 2704 desint3
893 2659 894 2693 ι
