1842 2920
288 91 336 142 on
353 91 452 167 anun
468 90 633 144 scamna·
748 91 800 150 2³2

124 222 207 272 Multa
214 222 345 272 recedentes
355 221 475 272 adimunt:
493 237 523 280 ne
532 223 592 272 forte
599 221 682 272 seniles
703 235 705 241 ·
745 221 797 278 ’170

124 287 271 336 Mandentur
278 287 359 349 juveni
369 297 454 351 partes,
465 303 583 352 pueroque
593 287 679 348 viriles,

123 353 221 416 Smper
230 353 255 400 in
266 352 380 414 adjunctis
390 368 486 417 aevoque
495 352 639 401 morabimur
649 351 716 416 aptis.

122 415 178 464 Aut
188 417 265 481 agitur
274 433 310 465 res
320 417 345 464 in
356 417 437 477 scenis,
448 425 490 465 aut
499 425 550 466 acta
560 417 670 469 refertur:

123 479 223 544 Segnius
232 481 324 530 irritam
334 481 424 531 animos
433 481 532 530 demissa
592 497 680 542 aurem,
748 481 794 529 180

122 543 205 604 Quam
214 562 268 611 qua
277 555 332 594 sunt
342 546 414 594 oculis
424 547 526 608 subjecta
591 546 651 606 'bus,
663 554 686 594 et
696 561 750 610 qun

122 609 138 656 I
190 611 235 659 sibi
244 610 314 658 tradit
323 618 442 674 spectator.
467 611 524 658 Non
534 619 613 659 tamen
623 611 686 659 intus

150 673 156 684 '
213 675 262 738 gari
271 675 394 738 promesin
405 689 514 732 scenam
530 676 652 739 multaque
662 675 729 724 tolles

121 736 164 786 Ex
174 740 255 800 oculis,
266 756 320 804 quae
329 755 386 788 mox
396 749 472 788 narret
482 739 590 788 facundia
600 755 713 804 praesens:

121 802 176 852 Nec
202 819 268 852 ueros
279 819 356 852 coram
366 803 453 868 populo
463 804 550 853 Medea
560 804 665 865 tmcidet,
746 805 792 852 185

121 819 290 930 Autyiumana
299 869 379 932 palam
389 870 473 932 coquat
483 877 537 917 exta
547 869 648 918 nefarius
657 870 754 928 Atreus,

121 931 175 980 Aut
184 933 210 979 in
221 949 288 981 avem
299 933 387 981 Procne
397 941 507 993 vertatur,
518 933 622 982 Cadmus
632 934 657 982 in
731 949 776 982 em.
792 991 797 1004 Ι

122 995 296 1061 Quodcumque
307 997 408 1046 ostendis
417 997 477 1045 mihi
487 997 528 1059 sic,
539 997 670 1047 incredulus
711 999 717 1009 ’

47 1107 50 1116 ,
122 1060 191 1109 Neve
200 1061 285 1121 minor,
296 1077 342 1110 neu
354 1062 384 1110 sit
394 1061 477 1126 quinto
487 1061 618 1127 productior
628 1073 680 1112 actu

123 1125 223 1187 Fabula,
235 1141 288 1190 quae
297 1127 361 1192 posci
371 1127 430 1187 vult,
442 1135 465 1176 ct
475 1135 576 1191 spectata
583 1128 678 1192 reponis
747 1128 794 1178 190

123 1190 176 1247 Nee
185 1190 253 1239 Deua
263 1191 360 1252 intersit,
371 1191 416 1240 nisi
426 1191 511 1254 dignus
522 1191 612 1240 vindice
621 1193 696 1242 nodus

124 1253 249 1302 Incideritc
267 1271 310 1304 nec
336 1265 402 1304 narta
411 1255 477 1320 loqui
486 1271 583 1320 persona
592 1257 686 1306 laboret.

122 1319 217 1368 Actoris
227 1329 303 1387 partes
343 1337 395 1370 orus
405 1321 554 1384 officiumque
564 1320 628 1370 virile

123 1382 257 1442 Defendat3
274 1399 320 1434 neu
331 1385 389 1449 quid
398 1385 486 1434 medios
496 1385 618 1434 intercinat
627 1394 700 1447 actus,

122 1447 195 1506 Quod
205 1464 253 1497 non
263 1450 380 1514 proposito
390 1449 502 1500 conducat
512 1457 535 1498 et
544 1449 630 1499 horeat
640 1459 701 1514 apte.
747 1453 793 1502 195

123 1513 170 1560 Ille
179 1513 247 1562 bonis
257 1515 388 1578 faveatque,
399 1524 422 1562 et
432 1513 563 1563 consilietur
572 1515 667 1574 amicis;

122 1576 156 1623 Et
166 1587 230 1640 regat
240 1579 320 1638 iratos,
332 1587 355 1626 et
365 1588 427 1627 amet
436 1595 530 1642 peoeare
540 1579 646 1630 timentes
655 1597 662 1628 ι

122 1641 168 1688 Ille
179 1643 249 1706 dapes
258 1643 338 1692 laudet
347 1659 433 1692 mensa
443 1644 533 1702 brevis;
550 1643 590 1692 ille
601 1646 717 1694 salubrem

120 1705 253 1770 Justitiam,
263 1708 381 1772 legesque,
391 1717 415 1756 et
424 1708 507 1772 apertis
517 1707 565 1756 otia
575 1709 663 1772 portiac
683 1743 684 1748 ,

122 1769 169 1818 llle
179 1779 242 1834 tegat
251 1773 383 1832 commissa,
394 1771 503 1836 Deosque
512 1781 618 1835 precetur
629 1781 719 1837 ecerat,
741 1777 790 1825 20⁰

120 1834 156 1886 Ut
165 1836 244 1884 redeat
253 1837 351 1896 miseris,
362 1838 429 1884 abeat
439 1837 532 1885 fortuna
542 1838 653 1902 superbis.

121 1898 193 1948 Tibia
202 1916 258 1961 non,
270 1911 297 1949 ut
307 1915 378 1961 nunc,
389 1901 502 1950 orichalco
512 1901 596 1963 vincta,
609 1905 717 1970 tubaque
790 1915 794 1920 '

119 1964 228 2026 AEmula,
240 1966 280 2014 sed
290 1965 366 2014 tenuia
376 1965 531 2030 simplexque,
543 1966 656 2016 foramine
665 1985 748 2034 pauco,

120 2027 249 2092 Adspirate
259 2039 283 2078 et
293 2030 374 2080 adesse
382 2030 456 2078 choris
466 2038 515 2078 erat
524 2031 597 2092 utilis,
609 2041 679 2097 etque

107 2122 108 2126 =
121 2093 237 2142 Nondum
247 2095 320 2158 spissa
330 2093 400 2142 nimis
410 2095 525 2158 complere
535 2095 615 2144 sedilia
625 2097 698 2162 flatu3
712 2093 715 2103 ⁸
743 2101 797 2148 205,

119 2157 178 2216 Quo
188 2173 243 2207 sane
253 2159 355 2222 populus
365 2159 524 2220 numerabilis,
534 2169 615 2224 utpote
625 2173 727 2226 parvua'
743 2189 753 2203 -·
792 2193 794 2198 ·

119 2223 156 2274 Et,
163 2222 235 2286 frugi,
246 2232 367 2287 casmsque
377 2224 572 2288 verecundusque,
584 2225 667 2274 coibat.

119 2288 250 2351 Postquam
261 2288 329 2352 coepit
339 2303 405 2350 agros
415 2289 537 2336 extendere
547 2289 627 2351 victor,
639 2301 662 2340 et
673 2293 754 2342 urbem

117 2352 200 2407 latior
210 2353 320 2416 amplecti
330 2367 419 2412 murus,
431 2353 531 2416 vinoque
541 2353 625 2403 diurno
779 2413 781 2418 ¹

118 2416 211 2464 Placeri
221 2418 303 2480 genius
313 2417 377 2465 sestis
386 2417 483 2480 impune
493 2417 582 2478 dicbus,
741 2425 796 2472 210

117 2481 227 2528 Accessit
233 2481 383 2545 numerisque
393 2481 514 2544 modisque
523 2482 616 2531 licentia
626 2487 708 2546 major.
717 2485 719 2493 ’

117 2544 231 2594 Indoctus
240 2547 298 2611 quid
308 2546 372 2594 enim
382 2552 480 2608 saperet,
491 2545 595 2610 liberque
604 2547 720 2610 laborum,
775 2603 776 2606 Ἴ

119 2608 232 2659 Rusticus
241 2611 331 2668 urbano
341 2609 460 2670 confusus,
471 2609 544 2686 turpis
553 2610 667 2660 honesto?

117 2673 159 2722 Sic
169 2673 396 2740 priscamotumque
407 2682 430 2723 et
439 2675 558 2724 luxuriem
567 2675 657 2733 addidit
666 2678 714 2730 arti
