1828 2926
307 107 455 156 SATIRAE.
473 107 494 154 1.
511 105 548 154 6.”
723 109 771 158 143

98 235 164 286 Cum
174 235 258 287 reim
267 253 346 302 neges,
357 239 423 303 quoii
433 238 463 287 sit
473 237 574 300 quisque
583 245 678 299 ponente
754 239 777 293 7·
820 235 824 248 '

97 303 186 362 Notus,
198 301 257 352 doru
267 305 390 366 ingenuus.
415 302 544 352 Persuedes
553 301 599 348 hoo
609 300 652 349 tibi
662 318 722 363 vere,

97 367 165 416 Ante
175 375 313 431 potestatem
324 369 392 416 Tulli
403 377 473 432 etque
483 365 586 430 ignobile
596 380 704 428 regnum,

97 432 192 482 Multos
202 447 267 497 stepo·
274 435 344 492 viros,
354 434 427 482 nullis
436 432 563 492 majoribus
573 439 643 489 ortos,
740 435 770 481 10

96 497 132 546 Et
142 497 228 546 vixisse
238 501 331 561 probos,
343 499 427 561 amplis
437 507 460 546 et
470 497 596 546 honoribus
607 505 701 546 auctore

98 563 197 618 Οοιιιτι,
209 563 343 623 laevinum,
354 563 436 612 Veteri
447 577 530 625 gmus,
543 561 617 626 (unde
628 561 748 626 Superbus

97 627 243 691 Tarquinius
253 643 324 692 regno
334 629 416 690 pulsus
425 626 482 688 fuit)
494 627 564 674 unius
574 625 631 674 ossis

97 693 155 740 Non
165 707 271 756 unquam
282 693 355 756 pretio
365 693 440 756 pluris
449 691 548 749 licuisse,
560 699 654 739 notente

96 755 191 814 Judioe,
203 773 251 820 quo
261 755 331 818 nosti
342 759 445 822 populo;
463 757 505 821 qui
515 757 600 805 stultus
609 756 707 805 honores
742 759 771 806 lt

97 821 166 885 sepe
176 821 217 870 det
226 823 336 886 indignis,
348 832 372 872 et
381 821 451 872 femie
461 821 531 870 servit
541 822 649 882 ineptus;

96 885 148 944 Qui
158 895 237 950 stupet
246 888 272 935 in
283 889 357 936 titulis
367 895 391 936 et
400 887 550 951 imaginibus.
573 885 639 945 Quid
649 895 740 949 oportet

97 951 149 1000 Nos
159 951 243 1012 fecere,
253 969 268 1000 e
278 953 349 1016 uulgo
359 951 428 1016 louge
438 953 553 1016 longeque
564 951 682 999 remotos?

96 1015 210 1080 Namque
220 1025 276 1076 esto,
287 1017 389 1081 populus
400 1017 497 1066 levino
507 1018 587 1065 mullet
597 1016 709 1066 honorem

96 1080 179 1140 Quem
190 1081 264 1130 Dedo
272 1081 384 1130 mandere
394 1097 469 1131 novor
487 1095 613 1144 censorque
619 1091 721 1132 moveret
737 1087 769 1132 20
817 1083 829 1113 ⁹

97 1145 203 1209 Appius,
214 1147 317 1211 ingenuo
327 1147 347 1194 si
357 1161 405 1194 non
415 1161 489 1196 essem
500 1155 564 1210 petre
574 1154 652 1205 notus,

97 1209 144 1258 Vel
154 1211 246 1271 meiito,
258 1212 369 1275 quonium
379 1213 405 1260 in
415 1211 509 1276 proprii
518 1226 566 1260 nou
576 1211 637 1273 pelle
645 1211 769 1274 quiessem.

97 1275 172 1330 {Sed
183 1276 287 1340 fulgente
298 1275 368 1326 trabit
378 1277 511 1325 oonstrietos
521 1277 595 1338 glorie
604 1290 674 1323 curru

97 1339 154 1388 Non
165 1341 244 1389 minus
255 1341 346 1405 ignotos
356 1341 478 1404 generosis
495 1344 513 1403 1
523 1340 579 1400 Quo
589 1339 640 1399 tibi,
653 1340 729 1403 Tulli,

97 1405 195 1454 Sumere
205 1401 336 1469 depositum
347 1407 449 1465 olerum3
460 1405 556 1469 fierique
566 1405 677 1454 tribuno?
737 1409 769 1455 25

96 1469 191 1519 Invidia
201 1471 307 1530 accrevit,
318 1471 408 1534 privato
419 1487 472 1536 quie
482 1470 558 1518 minor
568 1477 633 1519 esset.

96 1534 172 1597 Nem,
186 1543 214 1584 ut
231 1535 330 1601 quisque
340 1535 435 1584 insonus
452 1535 524 1600 nigris
540 1535 645 1584 medium
662 1535 770 1602 impediit

194 1615 248 1650 crus

96 1663 213 1725 Pellibus,
225 1673 247 1714 et
257 1665 333 1714 letum
344 1665 437 1714 demisit
446 1673 537 1728 pectore
547 1667 655 1723 elerum
791 1705 797 1712 .

95 1730 298 1790 Auditeontinuo,
305 1730 368 1790 Quis
373 1731 445 1778 homo
449 1729 503 1778 hio?
513 1739 545 1788 et,
552 1731 609 1791 Quo
615 1739 681 1792 petre
686 1733 770 1781 notus?

95 1795 141 1851 Ut,
153 1794 225 1858 siqui
238 1803 332 1857 aegrotet
342 1809 389 1858 quo
398 1797 480 1842 morbo
490 1796 587 1853 Burrus,
598 1795 689 1844 heberi·
737 1799 769 1846 3⁰

12 1871 15 1878 ⁴
95 1858 132 1908 Ut
142 1861 223 1922 cupiet
232 1859 363 1916 formosusr
380 1867 418 1907 eet
427 1859 582 1924 quicumque,
593 1859 677 1923 puellis

96 1923 193 1986 Injioiet
203 1939 282 1972 curem
294 1924 411 1988 querendi
421 1923 522 1985 singula,
534 1925 598 1988 quali

95 1987 133 2036 Sit
144 1989 212 2048 faeie,
223 1989 286 2046 suri,
298 1989 363 2052 quali
373 1989 441 2052 pede,
452 1988 529 2047 dente,
540 1989 639 2053 eupillo:

96 2052 143 2107 sie
156 2053 199 2117 qui
209 2053 332 2116 promittit,
344 2053 412 2112 cives,
424 2053 514 2102 Urbem
524 2054 649 2115 subiture,

94 2117 229 2182 Imperium
240 2119 296 2178 fore,
308 2128 332 2166 et
342 2119 446 2176 Itulinm,
458 2127 481 2166 et
491 2119 587 2167 delubra
597 2119 718 2178 Deourme
736 2121 768 2170 35

96 2181 154 2240 Quo
164 2192 230 2246 petre
240 2183 357 2241 situatur,
369 2197 426 2230 num
437 2183 523 2246 ignotis·
530 2193 605 2232 matre
614 2185 758 2247 inhonestus,

96 2246 190 2296 Omnes
200 2249 308 2296 mortales
318 2263 399 2297 curere
409 2257 432 2296 et
442 2264 545 2309 querere
555 2248 623 2312 eogit.

96 2313 112 2372 1
125 2311 196 2361 Tune
207 2313 268 2376 Syri,
280 2313 374 2374 Demae,
385 2323 426 2360 eut
437 2313 538 2376 Dionysi
547 2313 618 2371 filius,
629 2315 701 2364 sudes

95 2375 204 2438 Dejioere
214 2394 227 2426 e
238 2378 373 2436 mutinen,
386 2387 427 2426 eut
436 2378 525 2426 tradere
535 2377 643 2426 Cadmo?
655 2395 657 2401 ⁸

95 2441 133 2488 At
145 2443 237 2490 Novius
248 2443 336 2506 mllege
346 2442 420 2505 grsdu
431 2451 484 2505 poet
493 2457 532 2490 me
542 2443 605 2490 sedet
615 2457 675 2501 uno;
737 2448 770 2496 40

96 2505 257 2621 Nomqupeptl
264 2507 313 2568 ille,
324 2515 390 2572 peter
401 2507 465 2572 quod
475 2516 524 2556 eust
533 2521 608 2556 meus.
632 2513 651 2572 ,1
664 2510 717 2558 Hoc
728 2511 771 2559 tibi

217 2588 231 2619 e
257 2587 285 2619 ιιι
576 2611 579 2622 .

95 2634 130 2682 Et
141 2635 246 2685 Messsle
257 2636 359 2685 videris?
374 2637 411 2685 At
421 2637 468 2697 bic,
480 2636 499 2686 si
509 2637 613 2700 plaustra
623 2637 722 2688 domes
