1842 2920
313 115 505 169 EPISl'OIrAE·
522 119 544 168 1·
561 119 586 176 7·
740 123 786 179 197
850 139 854 150 ·

112 246 159 295 Nil
169 255 204 296 est
212 245 360 310 jucundum
378 247 442 296 vives
452 247 479 296 in
489 263 567 298 umore
575 248 686 316 jocisque.
754 251 786 300 66

112 311 184 372 Vive,
196 313 263 361 vele:
281 312 301 360 si
311 312 369 376 quid
379 313 463 362 novisti
473 315 558 363 rectius
568 315 627 376 istis,

111 377 234 427 Candidus
244 377 352 442 imperti3
369 377 389 426 si
399 393 455 439 non,
466 379 503 428 his
513 389 579 429 utere
587 395 688 430 meeum·

319 575 496 624 EPISTOLA
513 577 576 626 vn.

338 705 382 753 Ad
392 707 557 755 Maecenotsm.

109 833 226 898 Quinque
235 833 285 882 dies
294 833 338 882 tibi
348 835 465 898 pollicitus
474 851 514 884 me
523 849 577 884 nire
586 835 702 898 firturum,

107 899 226 948 Sextilem
235 906 313 947 totum
323 899 425 948 mendox
436 901 558 948 desideret.
584 901 661 965 Atqui

109 965 139 1014 Si
149 979 188 1012 me
198 963 275 1012 vives
285 964 330 1020 vis,
340 973 447 1029 recteque
457 965 534 1014 vidue
544 965 675 1024 volentem

109 1029 194 1090 Quam
204 1029 264 1076 mihi
274 1028 316 1076 des
326 1043 395 1092 tegno,
408 1029 474 1078 debis
485 1038 595 1094 egrotare
606 1030 706 1092 timenti,

109 1093 240 1152 Messenes,
252 1093 359 1150 veniam
378 1094 436 1142 dum
447 1094 504 1142 ficus
515 1096 592 1157 prims
601 1097 709 1160 calorque
767 1098 783 1142 5

109 1158 291 1222 Designutorem
301 1157 393 1206 decoret
403 1159 521 1207 lictoribus
532 1160 602 1216 stris3

109 1223 180 1272 Dum
191 1223 269 1286 pueris
279 1222 355 1270 omnis
365 1231 431 1286 peter·
441 1231 464 1271 et
474 1224 601 1272 matercula
610 1224 697 1286 pullet3

110 1287 269 1352 officiosaque
279 1286 399 1346 sedulitas,
411 1295 434 1336 et
443 1287 520 1351 opelln
530 1288 627 1336 forensis

108 1352 218 1402 Adducit
227 1353 309 1410 febres,
321 1361 344 1400 et
354 1361 491 1400 tutamenta
501 1353 609 1416 resignet.

109 1417 185 1478 Quod
195 1417 214 1464 si
224 1419 308 1465 brume
318 1417 382 1464 nives
392 1417 493 1465 Albanis
502 1417 578 1466 illinet
588 1418 657 1480 egris,
752 1419 782 1466 10
889 1427 891 1440 “

109 1483 155 1531 Ad
166 1497 229 1530 mere
239 1481 360 1530 descendet
370 1491 433 1530 vates
443 1491 506 1541 tuus,
518 1491 541 1530 et
551 1482 595 1531 sibi
605 1490 692 1546 parcet,

109 1548 296 1610 &inmotusque
306 1547 367 1608 leget
373 1563 382 1604 ;
399 1554 430 1608 te,
439 1546 514 1595 dulcis
524 1547 606 1608 amice,
618 1547 701 1596 reviset

7 1609 9 1614 ’
108 1612 174 1660 Cum
186 1611 309 1674 Zephyris,
321 1611 342 1658 si
352 1611 470 1672 concedes,
482 1620 506 1660 et
515 1611 640 1661 hirundine
650 1612 734 1677 primi.

109 1677 177 1736 Non,
188 1691 236 1740 quo
245 1691 310 1724 more
320 1675 376 1739 piris
387 1677 449 1725 vesei
460 1676 559 1726 calaber
567 1679 635 1740 jubet
644 1678 736 1742 hospes,

109 1743 152 1790 Tu
162 1757 201 1789 me
211 1740 285 1788 fecisti
294 1741 447 1804 locupletem:
465 1744 484 1798 11
494 1741 602 1802 vescere,
614 1743 685 1791 sodes.
751 1744 781 1790 15

108 1806 203 1870 Ἥρω·
212 1806 267 1882 setis
277 1813 318 1854 est
343 1805 368 1869 ql
376 1806 412 1854 At
422 1814 449 1855 tu
460 1808 611 1871 quantumvis
621 1808 683 1856 tolle
700 1807 799 1870 {Be-¹

205 1885 283 1934 mgne.

107 1937 134 2000 ql
143 1937 200 1984 Non
210 1935 285 1984 invise
294 1935 353 1985 feres
362 1936 440 2002 pueris
449 1937 589 1985 munuscula
598 1936 682 2002 parvis

107 2003 134 2066 ql
145 2001 207 2049 Tem
218 2009 296 2048 teneor
306 2001 375 2061 dono,
387 2017 459 2066 quam
470 2001 490 2049 si
500 2001 604 2050 dimittar
609 2010 718 2050 onustus.

107 2067 134 2129 ql
141 2066 177 2114 Ut
187 2065 258 2113 libet:
275 2067 325 2114 haee
335 2067 410 2130 porois
420 2065 490 2114 hodie
500 2066 640 2115 comedenda
649 2066 769 2132 relinquis.

107 2132 134 2194 ql
144 2130 260 2193 Prodigus
270 2139 293 2178 et
303 2131 387 2186 stultus
398 2131 470 2179 donst
480 2147 533 2196 quoe
543 2131 631 2195 spernit
641 2140 664 2179 et
674 2131 730 2179 odit.
747 2134 780 2180 20

109 2197 170 2244 Haec
180 2210 244 2258 seges
254 2195 357 2262 ingratos
367 2197 430 2255 tulit,
443 2205 466 2244 et
475 2196 533 2245 feret
543 2197 651 2244 omnibus
661 2196 736 2245 suuis.

108 2261 154 2308 Vir
164 2263 240 2320 bonus
250 2268 274 2308 et
284 2261 375 2324 sepiem
386 2260 463 2324 dignis
474 2261 507 2310 ait
517 2277 566 2310 esse
576 2270 686 2324 peretus3

108 2327 135 2375 N
137 2342 162 2374 ee
171 2333 250 2373 temen
260 2325 352 2388 ignorat
361 2327 419 2391 quid
429 2325 515 2376 distent
526 2342 571 2374 aere
581 2326 675 2390 lupinis.

107 2390 217 2454 Dignum
227 2393 341 2453 prestabo
352 2405 391 2440 rne
401 2391 471 2440 etiam
482 2407 524 2457 pro
534 2391 604 2440 leude
613 2392 730 2442 merentis.

109 2454 182 2516 Quod
193 2455 212 2504 si
222 2469 261 2503 me
270 2457 335 2505 noles
344 2472 445 2521 usquam
456 2457 578 2517 discedere,
589 2457 671 2505 reddes
747 2459 779 2506 25

107 2521 178 2569 Forte
187 2520 258 2580 letus,
269 2520 347 2586 nigros
357 2522 456 2586 erigustd
465 2522 541 2571 fronte
551 2522 662 2584 capillos3

108 2585 203 2634 Reddes
213 2585 281 2635 dulce
291 2585 371 2651 loqui;
388 2585 469 2635 reddes
479 2587 553 2637 ridere
563 2587 682 2650 decorum,
691 2594 715 2636 et

108 2650 174 2700 Inter
184 2650 238 2700 vino
248 2650 330 2717 fugem
341 2652 433 2701 (linere
442 2667 538 2702 moerere
547 2661 669 2762 proterugs.

609 2730 621 2764 s
