1864 2928
354 131 445 182 ODAE.
463 131 485 181 1.
504 133 541 180 16.

112 261 172 310 Non
183 261 264 324 surige
273 261 345 325 piger.
374 261 497 310 Merionen
508 277 602 326 quoque

113 327 211 375 Nosces.
239 327 300 374 Ecce
310 326 368 373 fluit
377 335 400 374 te
408 327 505 390 reperire
515 335 581 375 atrox

148 391 261 455 Tydides,
272 391 354 438 melior
364 401 442 454 petrea

114 455 195 514 Quem
207 464 242 513 tu,
253 471 333 503 cerrus
343 455 379 503 uti
389 456 456 503 vellis
466 456 491 504 in
502 453 574 504 alteri

113 521 201 568 Visum
213 529 278 583 parte
288 521 372 583 lupum
383 521 494 583 graminis
505 521 637 581 itumflor,

8 641 16 658 ι
113 585 216 634 Sublimi
226 585 301 646 fugies
312 585 389 632 mollis
399 585 513 646 anhelitu,

147 651 173 697 N
174 665 203 696 on
215 649 259 698 hoc
269 649 385 712 pollicitus
396 659 449 698 tuoe.

114 713 232 762 Iracunde
242 713 304 762 diem
315 714 413 777 proferet
424 713 479 774 Ilio,

113 778 277 842 Muttonisque
288 779 419 842 Phrygum,
431 779 507 827 classis
517 777 639 828 Achilleis

115 843 174 890 Post
184 852 256 890 certus
266 843 362 903 hiemes,
373 844 553 908 uretssAchsicus

146 907 213 972 Ignis
224 908 308 956 Iliacos
318 908 407 970 domos,

367 1102 439 1153 ODE
457 1103 529 1153 XVI.

275 1235 404 1281 Palinodia
414 1233 445 1280 ad
459 1233 628 1295 Tyndaridem.
671 1229 673 1233 ’

115 1359 140 1409 Ο
151 1368 225 1408 matre
236 1361 334 1424 pulchri
344 1361 392 1408 filia
402 1361 536 1424 pulchrior!

115 1424 194 1484 Quem
206 1425 333 1474 criminosis
345 1441 444 1490 cumque
455 1427 517 1476 voles
527 1427 624 1476 modum

147 1490 224 1538 Pones
234 1490 333 1547 iambis3
351 1491 398 1539 sive
409 1491 514 1554 flammi,
568 1542 574 1548 ,

178 1554 233 1603 ,Sive
244 1557 303 1602 mori
313 1556 371 1604 libet
380 1557 493 1604 Adriano.

64 1631 67 1637 ·
114 1617 172 1666 Non
183 1619 340 1683 Dindymene,
352 1635 399 1668 non
410 1621 485 1686 adytis
495 1622 571 1686 quatit

114 1681 223 1731 Mentem
234 1684 377 1733 sacerdotum
388 1685 463 1734 incole
475 1687 583 1750 Pythius,

149 1748 206 1795 Non
219 1749 290 1796 Liber
301 1765 375 1814 seque,
386 1765 432 1798 non
444 1760 512 1798 acuta

183 1810 246 1878 [Sic]
258 1814 377 1877 geminent
388 1815 530 1878 Corybantes
540 1831 596 1876 ωτι,

117 1875 206 1925 'histes
217 1888 244 1926 ut
251 1879 306 1926 irae=
324 1895 382 1942 quas
392 1893 468 1942 neque
478 1877 578 1928 Noricus

116 1939 225 1990 Deterret
235 1943 304 2000 ensis,
316 1958 358 1991 nec
368 1958 432 1990 mare
443 1943 592 2008 naufragum,

149 2007 202 2054 Nec
213 2023 287 2055 saevus
297 2008 366 2070 ignis,
378 2023 420 2056 nec
431 2009 550 2056 tremendo

181 2071 276 2134 Jupiter
286 2072 335 2134 ipse
345 2087 413 2120 ruens
424 2073 537 2120 tumultu.

117 2134 201 2182 Fertur
212 2135 365 2184 Prometheus
376 2137 459 2184 addere
469 2137 569 2202 principi

116 2199 187 2246 himo
199 2209 291 2248 coactus
301 2202 438 2264 porticulum
449 2201 553 2266 undique

148 2263 283 2325 Desectam,
294 2275 317 2313 et
326 2267 401 2314 insani
411 2267 484 2314 leonis

181 2327 239 2376 vim
251 2331 368 2378 stomacho
378 2331 510 2394 apposuisse
520 2339 606 2380 nostro.

116 2391 162 2440 Ire
175 2392 295 2456 Thyesten
307 2395 376 2442 exitio
386 2395 453 2457 guard

116 2455 232 2519 Struvdre,
244 2469 267 2507 et
276 2459 328 2508 eltis
338 2459 435 2508 urbibus
445 2460 535 2510 ultimae

146 2524 237 2571 Stetere
248 2540 330 2583 ceusu,
342 2539 383 2571 cur
393 2524 495 2589 perirent

180 2587 307 2648 Funditus,
318 2589 508 2654 imprimeretque
518 2593 591 2640 muris

117 2651 210 2701 Hostile
220 2662 323 2702 antrum
334 2654 447 2704 exercitus
458 2655 565 2704 insolens.
