1864 2928
133 123 171 174 ³0
383 121 474 172 ODAE.
493 123 514 170 Ι.
533 122 574 169 38.

166 251 271 316 sperare,
283 250 421 326 fortwinus
431 251 495 300 dulci

200 315 282 364 Ebria.
299 316 345 364 Sed
357 315 443 364 minuit
453 316 554 364 furorem

134 380 184 430 Vix
195 379 243 428 unn¹
253 397 330 444 sospes
341 380 405 428 neris
416 382 446 428 ab
456 381 565 444 ignibuse

132 445 287 510 Montemque
296 445 443 509 lymphatam
453 444 581 494 Mareotim

166 510 267 574 Redegit
276 511 301 557 in
313 525 377 558 veros
387 509 480 558 timores

202 576 287 635 Cresnr,
300 577 329 622 ab
341 572 411 622 Italis
422 576 538 622 volantem

136 639 218 688 Remis
229 639 342 703 adurgens
353 638 470 702 (accipiter
481 639 544 687 velut

134 705 222 754 Molles
233 705 359 763 columbos,
371 711 412 750 rut
421 704 523 767 leporem
534 703 592 750 citus

168 769 271 818 Venator
281 769 306 816 in
317 769 404 831 campis
415 768 497 816 nivalis

200 833 337 894 AEmoniae)‚
349 833 414 880 daret
424 842 451 880 ut
461 833 546 882 cetenis

135 897 217 946 Fatale
228 905 367 957 monstrum,
379 913 441 961 quae,
452 896 583 961 generosius

136 962 216 1010 Perire
226 977 339 1023 quierem,
350 976 393 1010 nec
402 963 544 1010 muliebriter

167 1027 273 1090 Expavit
283 1041 369 1082 ensem,
380 1041 423 1074 nec
432 1027 529 1075 latentes
588 1047 595 1057 =
619 1029 628 1086 j

200 1089 558 1156 Glosseciti[repsrevit]orosr
683 1109 686 1117 ·

135 1156 205 1204 Auso
215 1165 238 1204 et
246 1158 361 1218 jacentem
371 1157 443 1204 visere
453 1156 540 1218 regiam

136 1220 214 1270 Vultu
225 1235 312 1278 sereno,
323 1219 387 1268 fortis
398 1229 420 1268 et
431 1236 521 1284 asperas

170 1285 280 1333 Tractare
291 1293 414 1348 serpentes,
425 1294 453 1332 ut
462 1294 539 1338 enum

202 1349 303 1413 Corpore
313 1349 452 1402 combiberet
462 1365 592 1407 venenumr

136 1415 271 1466 Deliberatt
281 1421 354 1461 morte
365 1413 460 1461 ferocior
470 1433 477 1474 3

136 1479 208 1530 Saevis
220 1479 331 1526 Liburnis
342 1478 427 1526 scilicet
437 1479 551 1537 invidens,

169 1543 263 1592 Privata
274 1543 356 1590 deduci
367 1544 465 1604 superbo

201 1609 258 1656 Non
268 1607 364 1656 humilis
374 1607 458 1655 mulier
469 1608 595 1672 triumpho.

261 1815 263 1818 ·
352 1801 425 1850 ODE
441 1803 597 1852 XXXVIII.

367 1933 408 1982 As
419 1934 575 1982 Ministrum.

136 2062 240 2112 Persicos
251 2063 298 2124 odi,
309 2079 376 2127 puer,
388 2071 527 2126 apparatus-3

137 2127 268 2192 Displicent
278 2143 345 2176 nexae
354 2127 447 2191 philyrb
457 2141 561 2176 corone:

137 2193 210 2242 Mitte
220 2194 308 2252 sectari,
319 2208 371 2240 rose
382 2207 428 2256 quo
439 2193 542 2242 locorum

267 2258 323 2306 Sere
332 2265 442 2305 moretur.

135 2317 243 2386 Simplici
254 2331 331 2386 myrto
341 2321 400 2370 nihil
411 2321 522 2368 allaboret

62 2433 67 2440 ,
138 2387 248 2444 Sedulus,
259 2401 329 2434 curor
346 2401 422 2449 neque
432 2392 457 2433 te'
465 2385 598 2432 ministrum

130 2444 243 2502 ‘Dedecet
252 2459 352 2514 myrtus,
364 2465 439 2514 neque
450 2463 488 2498 me
499 2451 542 2498 snb
553 2449 616 2502 arcti

268 2515 324 2564 Vite
336 2513 461 2566 bibentem.
