1842 2920
263 152 267 163 ι
326 125 474 176 SATIRAE.
491 125 528 176 11.
544 127 568 174 θ.
734 125 780 176 lto

103 255 166 313 Nos,
177 254 223 304 nisi
233 254 465 316 damnosebibimus,
476 255 602 304 moriemur
612 253 698 304 inultis

102 319 138 366 Et
148 319 228 368 calioes
239 320 313 383 poscit
322 321 427 382 majores.
450 321 547 369 Vertere
556 320 631 384 pallor
742 321 775 370 35

103 382 170 431 Tum
181 384 275 447 parochi
285 384 377 444 faeiem,
388 384 422 431 nil
432 385 465 433 sic
475 387 599 433 metuentis
609 395 636 434 ut
646 400 709 434 aeres

102 447 213 505 Poteram
231 449 268 498 vel
278 449 340 512 quod
350 449 492 497 maledicunt
501 449 605 510 liberius,
617 450 655 499 vel

101 512 202 562 Fervida
212 513 276 577 quod
286 513 370 562 subtile
381 515 505 562 exsurdant
515 515 570 563 vina
579 515 693 580 palatum.

100 578 226 626 Invertunt
236 578 348 626 Allifanis
358 579 445 626 vinaria
455 589 504 627 tota

100 641 212 690 Vibidius
222 643 373 706 Balatroque,
385 643 468 691 secutis
478 645 602 694 omnibusr
619 644 662 694 imi
741 646 773 695 4⁰

100 706 212 755 Convivae
221 708 275 756 lecti
285 708 385 755 nihilum
395 710 494 756 nocuere
504 709 599 773 lagenis.

98 771 208 820 Affertur
218 773 314 836 squillas
323 773 384 820 inter
392 787 497 821 muraena
507 768 612 824 natantes

99 837 132 884 In
148 836 229 911 patipi
246 845 355 900 porrecta
379 838 429 886 Sub
442 837 486 890 hoo
499 838 577 901 herus,
594 839 654 889 Hes
667 839 772 904 gravida,

197 916 222 948 ιιι
240 902 282 962 uit,

98 965 177 1029 Capta
187 918 338 1024 auqdeterior
348 975 400 1032 post
410 977 504 1032 partum
515 977 583 1018 taine
592 968 680 1018 futura.

97 1031 146 1078 His
157 1031 258 1080 mixtum
267 1033 307 1093 jus
317 1040 366 1088 σείς
383 1033 442 1092 oleo,
454 1033 517 1097 quod
527 1034 603 1098 prima
613 1034 712 1084 Venafri
738 1034 770 1083 ts

98 1095 269 1153 Pressitoella;
286 1097 631 1162 gamdemoeispisoislberi;

97 1161 164 1209 Vino
174 1161 328 1236 quinquenni,
340 1177 421 1209 verum
432 1162 488 1210 eitra
498 1178 562 1211 mare
573 1173 636 1226 nato,

96 1223 167 1272 Dum
177 1233 284 1300 coquitur
295 1227 370 1290 (oocto
380 1226 468 1274 Chium
478 1228 510 1274 sio
520 1229 634 1290 eosvenit,
646 1236 673 1277 ut
683 1243 731 1279 non

98 1289 154 1338 Hoc
160 1305 234 1354 magis
241 1290 317 1338 ullum
323 1290 412 1352 aliud);
425 1291 503 1355 pipere
511 1293 573 1351 albo,
580 1307 628 1340 non
638 1293 688 1343 sine
696 1301 769 1354 aceto,

97 1355 171 1416 Quod
181 1354 368 1418 Methymnaeam
379 1355 435 1404 vitio
445 1357 569 1404 mutaverit
579 1373 658 1406 uvam.
737 1361 769 1407 50

96 1419 188 1468 Erueas
199 1419 291 1480 virides,
302 1420 378 1468 inulas
389 1435 432 1484 ego
442 1420 532 1484 primus
542 1437 632 1471 amaras

96 1484 231 1532 Monstravi
240 1485 375 1550 iuooquere3
391 1485 469 1533 illutos
480 1486 592 1535 Curtillus
603 1487 704 1548 echinos,

95 1550 133 1598 Ut
143 1549 235 1608 melius,
247 1550 333 1611 murila,
344 1566 416 1613 quam
426 1557 485 1598 testa
494 1551 585 1599 marina
594 1552 699 1601 remittit.

95 1614 191 1662 Interea
201 1629 312 1678 suspensa
322 1631 402 1678 graves
412 1615 486 1662 aulea
496 1616 575 1664 nunes

96 1680 128 1727 In
140 1679 245 1743 patinam
255 1679 337 1739 fecere,
349 1680 471 1738 trahentia,
483 1681 583 1744 pulveris
594 1681 639 1730 atri
736 1685 768 1732 55

95 1743 222 1803 Quantum
233 1759 280 1791 non
291 1744 381 1808 Aquilo
392 1745 517 1807 Campanis
529 1747 613 1794 excitat
623 1747 691 1810 agris.

96 1809 160 1867 Nos,
171 1809 248 1870 majus
258 1809 332 1868 vorin,
343 1818 466 1872 postquam
477 1810 536 1858 nihil
547 1826 595 1858 esse
604 1811 685 1874 pericli

95 1873 226 1930 Sensimus,
238 1873 354 1937 erigimur.
379 1874 467 1928 Rufus,
477 1874 552 1936 posito
562 1877 645 1940 capite,
656 1877 714 1926 utai

95 1938 174 1986 Filius
184 1938 322 1986 immaturus
333 1941 424 1994 obisset,
435 1939 496 1986 flere.
519 1939 581 1997 Quis
592 1948 650 1988 esset

95 2003 184 2051 Finis?
200 2002 226 2050 ni
237 2004 326 2066 sapiens
337 2003 369 2051 sic
380 2003 542 2051 Nomentanus
552 2004 654 2053 amicum
736 2008 769 2056 60

96 2067 217 2115 Tolleret=
236 2067 300 2125 Heu,
312 2068 431 2116 Fortuna!
450 2068 502 2132 quis
513 2077 547 2117 est
557 2069 705 2120 crudelioria
715 2085 758 2122 noe

97 2132 136 2180 'l’e
148 2131 230 2180 Deus?
246 2140 274 2179 ut
284 2148 373 2196 semper
383 2133 470 2196 gaudes
480 2133 577 2182 illudere
587 2136 656 2184 rebus

96 2196 234 2245 Humanis!
253 2196 338 2245 Varius
350 2199 436 2261 mappis
446 2201 587 2262 compescere
597 2199 670 2249 risum

96 2262 149 2310 Vix
159 2269 255 2324 poterat.
278 2262 382 2323 Balatro,
394 2263 534 2326 suspendens
545 2263 624 2312 omnia
634 2280 699 2328 naso,

96 2327 158 2376 Haec
169 2335 203 2374 est
213 2326 312 2374 conditio
322 2327 422 2386 vivendi,
434 2327 523 2385 aiebat;
540 2343 614 2392 eoque
736 2332 768 2380 65

96 2391 249 2455 Responsura
259 2399 300 2438 tuo
310 2406 431 2455 nunquam
443 2401 477 2439 est
487 2407 529 2456 par
539 2392 603 2440 fama
611 2394 693 2444 labori.

98 2456 175 2516 Tene,
187 2465 214 2503 ut
224 2471 267 2520 ego
277 2455 375 2518 accipiar
384 2456 455 2514 laute,
467 2456 592 2520 torquerier
602 2459 668 2507 omni

96 2520 258 2570 Sollicitudine
268 2520 407 2579 districtum,
419 2535 449 2568 ne
459 2521 525 2584 panis
535 2521 639 2585 adustus,

89 2587 139 2635 .Ne
149 2586 211 2634 male
221 2585 340 2634 eonditum
349 2586 388 2646 jus
400 2594 538 2650 apponatur,
550 2595 578 2634 ut
588 2601 668 2637 omnes

96 2650 220 2700 Praeainati
230 2657 289 2700 reete
299 2649 366 2714 pueri
376 2651 492 2714 oomtique
502 2650 648 2700 ministrent?
712 2679 714 2686 ι
737 2652 769 2708 70

588 2728 606 2762 a
617 2717 634 2760 3
