1842 2920
319 127 511 181 EPIS'POLAE.⁴
528 131 549 180 Ι.
566 133 591 189 7,
745 138 791 190 199

115 258 442 326 Ooeupmetsdverejmet
451 260 522 325 prior.
552 263 598 312 1110
608 263 719 330 Phiiippo
758 269 791 316 66

113 327 236 376 Excusare
245 324 349 374 laborem
359 333 382 373 et
391 327 533 374 mercenaria
542 329 627 390 rinch,

115 390 190 451 Quod
198 405 245 438 non
252 405 322 437 mane
329 389 426 438 domum
437 391 552 450 venisset;
564 393 664 459 denique
671 396 734 460 quod
742 411 790 445 non

115 455 258 505 Providisset
268 469 330 502 eum.
348 454 419 516 iiffic
428 454 542 518 ignovisse
552 466 634 522 putato
756 463 788 510 69
801 455 803 462 ’

115 519 162 569 Me
170 520 221 579 tibi,
230 519 250 566 si
259 533 333 567 eunus
341 518 409 566 hodie
416 533 517 568 mecum.
535 522 559 583 ῚῙ
569 523 603 571 Ut
610 524 675 573 libet.
695 531 716 584 q]
725 527 790 590 Ergo

116 585 176 633 Post
186 599 273 632 nonam
283 583 374 631 veniere
392 583 482 644 nunti,
493 600 542 633 rem
554 595 660 637 strumus
669 605 737 653 euge.

116 646 513 713 ffiUtveutumadaoeuamem
531 649 790 705 diueudataamdalo-

211 722 288 774 tutus,

114 778 225 828 Tandem
236 777 363 826 dormitum
372 777 504 826 dimittitur.
530 779 588 840 Hie,
600 781 642 831 ubi
652 798 713 847 sape

112 843 242 894 Occultum
252 842 315 891 visus
325 842 443 891 decurrere
452 843 521 906 pistis
531 844 562 891 ad
571 845 679 908 hamum,

112 909 190 958 Mene
200 907 271 956 eliens
281 915 305 956 et
312 907 364 968 jam
374 908 563 969 eertuseonvivs,
573 911 669 972 jubetur
754 913 786 971 75

112 974 182 1023 Rura
192 973 325 1020 suburbana
335 971 432 1020 Indictis
442 987 518 1020 comes
529 973 563 1022 ire
573 975 672 1025 Latinis.

112 1037 244 1101 hpositus
253 1035 355 1096 mannis,
365 1051 448 1085 arvum
458 1037 589 1102 eoelumque
599 1041 713 1092 Sabinum

111 1103 172 1152 Nou
182 1109 255 1150 aetsat
264 1100 365 1150 laudare·
391 1101 463 1150 Videt
473 1102 577 1166 ridetque
588 1104 727 1171 Philippus:

111 1167 156 1228 Et,
168 1167 212 1215 sibi
222 1166 280 1212 dum
290 1166 402 1230 requiem,
417 1166 476 1214 dum
485 1166 545 1216 risus
556 1168 660 1234 undique
670 1173 762 1236 quierit,

111 1231 182 1282 Dum
192 1238 280 1306 septem
291 1230 361 1278 donet
371 1231 482 1290 sestertia,
492 1239 577 1280 mutua
587 1243 675 1298 septem
751 1239 784 1286 8⁰

112 1295 243 1356 Promittrt,
253 1294 377 1358 persuadet
386 1296 421 1343 uti
431 1304 546 1344 mereemr
557 1298 668 1361 agellum.

111 1362 241 1413 Mereatur.
266 1360 305 1408 Ne
315 1368 338 1408 te
348 1359 424 1423 longis
434 1361 579 1424 ambagibus,
591 1363 653 1412 ultra

111 1427 195 1488 Quam
205 1425 260 1473 satis
271 1431 313 1484 est,
324 1439 408 1484 morer,
420 1440 449 1472 ex
459 1425 533 1473 nitido
543 1425 570 1473 flt
580 1427 687 1490 rusticus,
700 1437 770 1494 utque

111 1492 196 1542 sucos
206 1490 316 1546 etvinete
325 1497 402 1552 erepat
411 1505 483 1550 mera,
495 1500 608 1554 praeparat
617 1492 702 1555 ulmos,

112 1555 252 1606 Immoritur
261 1553 351 1614 surdis,
363 1562 386 1601 et
395 1569 473 1602 amore
483 1555 579 1604 messit
588 1555 696 1606 habendi
751 1561 783 1608 85

112 1623 214 1680 Verum,
225 1619 267 1668 ubi
277 1633 331 1667 oves
340 1617 413 1679 furto,
423 1621 505 1667 morbo
515 1620 604 1684 periere
614 1624 716 1686 eapellae,

15 1731 18 1737 ,
109 1690 184 1752 spem
193 1683 291 1732 mentita
300 1697 373 1746 seges,
384 1685 426 1732 bos
436 1693 471 1732 est
481 1693 573 1732 enectus
583 1687 685 1746 araud03

109 1751 222 1803 Offensus
233 1747 333 1808 damnis,
344 1747 422 1795 medii
432 1748 461 1795 de
471 1757 537 1798 nocte
546 1751 662 1799 tabellum

109 1815 213 1878 Arripit,
224 1814 341 1876 iratusque
351 1811 456 1876 Philippi
466 1813 541 1861 tendit
550 1814 580 1862 ad
591 1815 658 1864 adea

110 1883 194 1942 Quem
211 1878 282 1926 simul
297 1876 403 1941 adspexit
419 1878 526 1926 scabrum
542 1877 708 1946 intonsumque
723 1881 782 1930 Phi·

167 1963 175 1972 “
218 1943 223 1954 Ι
260 1957 295 1998 uflp
749 1949 781 1996 90

108 2013 202 2070 Durus,
213 1958 258 2069 aig
267 2005 357 2068 Vultei,
369 2005 439 2055 nimis
450 2014 597 2073 attentusque
607 2010 689 2060 videris

108 2079 171 2128 Esse
180 2072 246 2122 mihi.
272 2072 354 2132 Uol,
365 2087 404 2120 me
413 2071 534 2132 miserum,
545 2081 648 2136 panone,
661 2091 761 2138 vomres,

108 2143 136 2193 si
147 2140 227 2199 velles,
237 2137 323 2202 iuquit,
335 2151 415 2184 verum
425 2137 485 2184 mibi
495 2153 580 2202 ponere
590 2153 682 2188 nomen.

109 2205 183 2267 Quod
193 2211 225 2263 te,
237 2217 279 2265 per
287 2200 390 2250 Genium
396 2200 548 2266 dextramque
554 2201 664 2279 Deosque
672 2205 780 2266 Penates,

110 2272 214 2323 Obsecro
225 2276 249 2316 et
256 2269 364 2326 obtestor,
375 2266 478 2314 vitame
487 2267 557 2316 redde
567 2268 644 2330 priori.
748 2272 780 2319 st

110 2337 136 2400 ἿῘ
145 2335 196 2397 Qui
206 2331 279 2382 semel
289 2331 395 2394 adspexit
405 2341 521 2394 quantum
532 2331 628 2381 dimissa
637 2334 716 2397 petitis

108 2402 233 2458 Praeterit,
244 2387 336 2445 mittiue
345 2395 431 2456 redeat,
443 2405 577 2460 repetatque
587 2397 672 2446 relicta
697 2397 699 2400 ’

27 2519 29 2526 ,
107 2467 192 2519 Metiri
201 2480 227 2514 se
238 2476 355 2528 quemque
365 2475 408 2510 suo
418 2461 629 2525 modulose-pede,
639 2477 723 2512 verum
731 2471 772 2512 eet.

452 2567 476 2616 0
