1828 2926
334 199 426 250 ΟΜ.
442 199 495 248 m
511 198 553 254 21.

101 329 190 394 'l'equa
200 344 243 378 nec
253 329 325 378 levus
337 328 424 394 [vent]
435 329 470 378 ire
479 328 553 393 11011,

204 394 229 441 N
230 411 256 442 ec
266 409 325 456 vaga
335 395 421 442 oornix.

103 458 152 508 Sed
163 458 236 518 videa,
248 467 335 522 quanto
345 460 443 523 trepidet
453 459 558 508 tumultu

103 524 198 570 Pronus
209 523 298 572 Orion:
316 539 367 586 ego,
379 523 437 587 quid
447 524 478 570 ait
487 531 537 571 ater

103 586 195 648 Anxie,
207 587 269 647 novi,
281 588 352 646 sinus,
364 587 455 652 etquid
465 587 532 636 albus

204 651 286 700 Peocet
296 653 382 716 Iapyx.

104 717 217 764 Hostium
227 731 311 764 uxores
320 716 432 782 puerique
442 732 514 766 moos

102 781 211 832 Sffltiant
220 789 298 829 motus
308 782 403 830 orientis
415 781 504 842 Austri,
516 790 540 830 et

103 845 216 908 AEquoris
226 845 287 908 nigri
297 845 425 907 fremitum,
437 855 461 894 et
470 855 594 898 1011011101

200 909 302 958 Verbere
311 911 381 972 ripas.

101 975 142 1024 Sic
152 983 175 1022 et
185 975 281 1038 Europe
290 974 384 1022 niveum
395 975 474 1024 dnloeo

102 1038 209 1087 credidit
219 1048 285 1086 tauro
295 1039 366 1100 latus,
378 1049 401 1088 et
412 1048 536 1090 seetmoem

24 1127 31 1140 ⁴
102 1103 194 1154 Belua
204 1112 304 1166 pontum
314 1104 447 1168 mediaeque
456 1104 548 1156 fraudes

200 1167 289 1216 Palluit
298 1169 384 1218 audax·

102 1234 187 1296 Nuper
197 1233 223 1280 in
233 1233 305 1294 pratis
316 1233 520 1296 suetonum,
532 1241 555 1283 et

102 1298 195 1346 Debitae
206 1297 326 1360 Nymphis
336 1298 414 1372 opifex
425 1313 521 1360 coronae,

103 1363 180 1412 Nocte
190 1362 302 1411 sublustri
312 1361 380 1422 nihu,
392 1369 555 1426 tetraptota,

201 1427 277 1487 Vidit,
290 1436 312 1474 et
323 1427 413 1476 undeet

101 1492 164 1553 Quae
174 1492 245 1540 simul
255 1499 350 1540 centum
359 1491 436 1554 tetigit
445 1499 563 1554 potenter

102 1557 203 1622 Oppidis
214 1557 307 1616 Creten,
320 1557 397 1618 Pater,
408 1571 423 1604 0
432 1557 539 1606 relictum

103 1623 171 1671 sna
180 1620 310 1732 nomenis
325 1629 406 1720 ⁰³³}oe
416 1620 500 1686 (111)

200 1686 271 1734 Victa
291 1700 357 1734 urere

103 1751 182 1812 Unde,
194 1765 241 1814 quo
252 1749 323 1797 veni?
340 1749 397 1800 levis
407 1766 456 1800 una
464 1767 528 1810 mors
538 1759 573 1800 est

102 1817 231 1879 virginum
242 1814 323 1876 orlpae.
352 1815 490 1878 vigilansne
500 1817 567 1878 ploro

104 1882 186 1946 Turpe
196 1878 364 1928 commissum?
380 1896 411 1928 an
421 1880 483 1928 vitiis
493 1889 607 1929 carentem

199 1943 274 1994 Ludit
283 1943 362 2006 imago

103 2012 182 2068 Vana,
194 2025 257 2072 quaa,
268 2008 335 2070 pont
345 2009 438 2072 firgiens
449 2009 547 2068 0111111,

102 2075 228 2124 Somnium
239 2072 322 2120 ducit?
339 2073 452 2122 meliusne
462 2074 547 2122 fluctus

102 2141 140 2189 Ire
150 2152 193 2202 per
203 2139 285 2200 longos
295 2135 350 2198 fuit,
361 2154 392 2187 an
402 2145 504 2188 recentes

202 2203 303 2265 Carpere
312 2201 396 2251 flores?

103 2270 129 2319 Si
155 2269 193 2316 uis
204 2267 316 2314 infamem
327 2267 386 2314 mihi
396 2282 459 2316 nunc
467 2269 594 2329 juvencum

103 2334 128 2382 D
172 2342 183 2380 t
192 2333 273 2388 iratae
290 2331 390 2380 laoerare
399 2332 460 2382 ferro
470 2339 494 2382 et

103 2399 220 2462 Frangere
230 2397 304 2444 enitar
314 2395 383 2443 modo
394 2396 497 2446 multum
507 2396 579 2446 amati

200 2461 295 2510 Cornua
304 2461 409 2510 monstri.

103 2527 232 2592 impudens
242 2525 302 2590 liqui
312 2526 397 2588 patrios
407 2534 513 2590 penaten

105 2591 235 2656 Impudens
245 2591 336 2640 Orcum
346 2602 430 2640 101101.
453 2591 491 2640 01
505 2590 612 2638 Deorum

105 2659 129 2707 Si
140 2658 193 2724 quis
204 2656 254 2703 haec
264 2654 340 2713 audis,
351 2655 442 2703 utinam
453 2655 512 2703 inter
522 2669 596 2704 errem

204 2720 279 2770 Nuda
288 2719 380 2768 leones!
632 2779 648 2824 3

600 2793 620 2826 11
