<?xml version="1.0" encoding="UTF-8"?>
<!DOCTYPE html PUBLIC "-//W3C//DTD XHTML 1.0 Transitional//EN"
    "http://www.w3.org/TR/xhtml1/DTD/xhtml1-transitional.dtd">
<html xmlns="http://www.w3.org/1999/xhtml" xml:lang="en" lang="en">
 <head>
  <title>
</title>
<meta http-equiv="Content-Type" content="text/html;charset=utf-8" />
  <meta name='ocr-system' content='tesseract 3.04.00' />
  <meta name='ocr-capabilities' content='ocr_page ocr_carea ocr_par ocr_line ocrx_word'/>
</head>
<body>
  <div class='ocr_page' id='page_1' title='image "./quintihoratiifl02zeungoog_0068.png"; bbox 0 0 1864 2928; ppageno 0'>
   <div class='ocr_carea' id='block_1_1' title="bbox 356 96 557 148">
    <p class='ocr_par' dir='ltr' id='par_1_1' title="bbox 356 96 557 148">
     <span class='ocr_line' id='line_1_1' title="bbox 356 96 557 148; baseline -0.015 -1"><span class='ocrx_word' id='word_1_1' title='bbox 356 96 448 148; x_wconf 70' lang='lat' dir='ltr'>ODAE.</span> <span class='ocrx_word' id='word_1_2' title='bbox 463 98 515 146; x_wconf 87' lang='lat'><em>111.</em></span> <span class='ocrx_word' id='word_1_3' title='bbox 533 99 557 144; x_wconf 80' lang='lat'>5.</span> 
     </span>
    </p>
   </div>
   <div class='ocr_carea' id='block_1_2' title="bbox 79 223 601 2674">
    <p class='ocr_par' dir='ltr' id='par_1_2' title="bbox 79 223 601 2674">
     <span class='ocr_line' id='line_1_2' title="bbox 124 223 550 290; baseline 0.005 -16"><span class='ocrx_word' id='word_1_4' title='bbox 124 223 229 274; x_wconf 75' lang='lat' dir='ltr'>Milesne</span> <span class='ocrx_word' id='word_1_5' title='bbox 239 225 325 286; x_wconf 67' lang='lat' dir='ltr'>cresi,</span> <span class='ocrx_word' id='word_1_6' title='bbox 336 226 434 290; x_wconf 77' lang='lat' dir='ltr'>ooujuge</span> <span class='ocrx_word' id='word_1_7' title='bbox 444 225 550 287; x_wconf 66' lang='lat' dir='ltr'>barbeii,</span> 
     </span>
     <span class='ocr_line' id='line_1_3' title="bbox 123 289 559 352; baseline 0.007 -15"><span class='ocrx_word' id='word_1_8' title='bbox 123 289 213 352; x_wconf 82' lang='lat' dir='ltr'>Turpis</span> <span class='ocrx_word' id='word_1_9' title='bbox 222 290 320 338; x_wconf 68' lang='lat' dir='ltr'>marim</span> <span class='ocrx_word' id='word_1_10' title='bbox 331 290 408 340; x_wconf 73' lang='lat' dir='ltr'>vixit?</span> <span class='ocrx_word' id='word_1_11' title='bbox 424 301 447 340; x_wconf 80' lang='lat' dir='ltr'>et</span> <span class='ocrx_word' id='word_1_12' title='bbox 455 291 559 340; x_wconf 70' lang='lat' dir='ltr'>hosfium</span> 
     </span>
     <span class='ocr_line' id='line_1_4' title="bbox 156 353 548 420; baseline -0.008 -14"><span class='ocrx_word' id='word_1_13' title='bbox 156 353 215 406; x_wconf 82' lang='lat' dir='ltr'>(Pro</span> <span class='ocrx_word' id='word_1_14' title='bbox 226 355 297 416; x_wconf 68' lang='lat' dir='ltr'>uuus,</span> <span class='ocrx_word' id='word_1_15' title='bbox 307 355 437 420; x_wconf 83' lang='lat' dir='ltr'>inversique</span> <span class='ocrx_word' id='word_1_16' title='bbox 446 353 548 417; x_wconf 80' lang='lat' dir='ltr'>morosi)</span> 
     </span>
     <span class='ocr_line' id='line_1_5' title="bbox 189 418 569 477; baseline 0.008 -11"><span class='ocrx_word' id='word_1_17' title='bbox 189 418 315 467; x_wconf 79' lang='lat' dir='ltr'>consenuit</span> <span class='ocrx_word' id='word_1_18' title='bbox 325 433 454 468; x_wconf 78' lang='lat' dir='ltr'>socerorum</span> <span class='ocrx_word' id='word_1_19' title='bbox 464 421 488 468; x_wconf 90' lang='lat' dir='ltr'>in</span> <span class='ocrx_word' id='word_1_20' title='bbox 499 419 569 477; x_wconf 81' lang='lat' dir='ltr'>ervis,</span> 
     </span>
     <span class='ocr_line' id='line_1_6' title="bbox 123 481 601 550; baseline 0.002 -19"><span class='ocrx_word' id='word_1_21' title='bbox 123 481 174 531; x_wconf 90' lang='lat' dir='ltr'>Sub</span> <span class='ocrx_word' id='word_1_22' title='bbox 185 499 239 547; x_wconf 81' lang='lat' dir='ltr'>rege</span> <span class='ocrx_word' id='word_1_23' title='bbox 249 483 331 544; x_wconf 88' lang='lat' dir='ltr'>Medo,</span> <span class='ocrx_word' id='word_1_24' title='bbox 343 484 438 534; x_wconf 82' lang='lat' dir='ltr'>Mersus</span> <span class='ocrx_word' id='word_1_25' title='bbox 449 494 471 534; x_wconf 85' lang='lat' dir='ltr'>et</span> <span class='ocrx_word' id='word_1_26' title='bbox 481 485 601 550; x_wconf 73' lang='lat' dir='ltr'>Appulus,</span> 
     </span>
     <span class='ocr_line' id='line_1_7' title="bbox 121 547 518 612; baseline 0.01 -18"><span class='ocrx_word' id='word_1_27' title='bbox 121 547 271 596; x_wconf 87' lang='lat' dir='ltr'>Anciliorum</span> <span class='ocrx_word' id='word_1_28' title='bbox 282 557 305 596; x_wconf 88' lang='lat' dir='ltr'>et</span> <span class='ocrx_word' id='word_1_29' title='bbox 314 549 415 597; x_wconf 87' lang='lat' dir='ltr'>nominis</span> <span class='ocrx_word' id='word_1_30' title='bbox 426 559 448 598; x_wconf 90' lang='lat' dir='ltr'>et</span> <span class='ocrx_word' id='word_1_31' title='bbox 458 559 518 612; x_wconf 79' lang='lat' dir='ltr'>togae</span> 
     </span>
     <span class='ocr_line' id='line_1_8' title="bbox 155 611 503 677; baseline 0.006 -18"><span class='ocrx_word' id='word_1_32' title='bbox 155 611 260 669; x_wconf 77' lang='lat' dir='ltr'><strong>Oblitus,</strong></span> <span class='ocrx_word' id='word_1_33' title='bbox 272 621 407 677; x_wconf 76' lang='lat' dir='ltr'>retemaeque</span> <span class='ocrx_word' id='word_1_34' title='bbox 417 615 503 670; x_wconf 73' lang='lat' dir='ltr'>Veste,</span> 
     </span>
     <span class='ocr_line' id='line_1_9' title="bbox 188 677 581 727; baseline 0.008 -4"><span class='ocrx_word' id='word_1_35' title='bbox 188 677 305 724; x_wconf 86' lang='lat' dir='ltr'>Incolumi</span> <span class='ocrx_word' id='word_1_36' title='bbox 314 679 375 726; x_wconf 85' lang='lat' dir='ltr'><strong>Jove</strong></span> <span class='ocrx_word' id='word_1_37' title='bbox 383 686 406 726; x_wconf 88' lang='lat' dir='ltr'>et</span> <span class='ocrx_word' id='word_1_38' title='bbox 416 681 472 726; x_wconf 83' lang='lat' dir='ltr'>urbe</span> <span class='ocrx_word' id='word_1_39' title='bbox 483 677 581 727; x_wconf 68' lang='lat' dir='ltr'>Romo?</span> 
     </span>
     <span class='ocr_line' id='line_1_10' title="bbox 122 740 560 806; baseline 0.009 -19"><span class='ocrx_word' id='word_1_40' title='bbox 122 740 177 788; x_wconf 84' lang='lat' dir='ltr'>Hoc</span> <span class='ocrx_word' id='word_1_41' title='bbox 187 750 277 788; x_wconf 82' lang='lat' dir='ltr'>ooverst</span> <span class='ocrx_word' id='word_1_42' title='bbox 285 757 349 790; x_wconf 86' lang='lat' dir='ltr'>mens</span> <span class='ocrx_word' id='word_1_43' title='bbox 359 743 454 806; x_wconf 79' lang='lat' dir='ltr'>provido</span> <span class='ocrx_word' id='word_1_44' title='bbox 464 742 560 806; x_wconf 78' lang='lat' dir='ltr'>Reguli,</span> 
     </span>
     <span class='ocr_line' id='line_1_11' title="bbox 121 803 463 855; baseline 0.009 -3"><span class='ocrx_word' id='word_1_45' title='bbox 121 803 285 854; x_wconf 84' lang='lat' dir='ltr'>Dissentientis</span> <span class='ocrx_word' id='word_1_46' title='bbox 296 806 463 855; x_wconf 83' lang='lat' dir='ltr'>conditionibus</span> 
     </span>
     <span class='ocr_line' id='line_1_12' title="bbox 155 869 502 934; baseline 0.006 -16"><span class='ocrx_word' id='word_1_47' title='bbox 155 869 241 930; x_wconf 81' lang='lat' dir='ltr'>Foedis,</span> <span class='ocrx_word' id='word_1_48' title='bbox 252 878 275 918; x_wconf 87' lang='lat' dir='ltr'>et</span> <span class='ocrx_word' id='word_1_49' title='bbox 286 871 502 934; x_wconf 74' lang='lat' dir='ltr'>exemplo&#39;trshenti</span> 
     </span>
     <span class='ocr_line' id='line_1_13' title="bbox 188 933 558 994; baseline 0.014 -13"><span class='ocrx_word' id='word_1_50' title='bbox 188 933 317 982; x_wconf 87' lang='lat' dir='ltr'>Pernioiem</span> <span class='ocrx_word' id='word_1_51' title='bbox 328 935 420 984; x_wconf 86' lang='lat' dir='ltr'>veniens</span> <span class='ocrx_word' id='word_1_52' title='bbox 430 937 455 982; x_wconf 90' lang='lat' dir='ltr'>in</span> <span class='ocrx_word' id='word_1_53' title='bbox 465 951 558 994; x_wconf 73' lang='lat' dir='ltr'>revumt</span> 
     </span>
     <span class='ocr_line' id='line_1_14' title="bbox 122 997 478 1061; baseline 0.006 -15"><span class='ocrx_word' id='word_1_54' title='bbox 122 997 206 1046; x_wconf 88' lang='lat' dir='ltr'>Sinon</span> <span class='ocrx_word' id='word_1_55' title='bbox 217 999 301 1061; x_wconf 85' lang='lat' dir='ltr'>periret</span> <span class='ocrx_word' id='word_1_56' title='bbox 310 998 478 1056; x_wconf 68' lang='lat' dir='ltr'>immiserabilis</span> 
     </span>
     <span class='ocr_line' id='line_1_15' title="bbox 123 1061 570 1130; baseline 0.007 -20"><span class='ocrx_word' id='word_1_57' title='bbox 123 1061 222 1125; x_wconf 74' lang='lat' dir='ltr'>Captiva</span> <span class='ocrx_word' id='word_1_58' title='bbox 232 1065 312 1124; x_wconf 77' lang='lat' dir='ltr'>pubes.</span> <span class='ocrx_word' id='word_1_59' title='bbox 339 1064 411 1127; x_wconf 75' lang='lat' dir='ltr'>Signa</span> <span class='ocrx_word' id='word_1_60' title='bbox 421 1081 464 1130; x_wconf 80' lang='lat' dir='ltr'>ego</span> <span class='ocrx_word' id='word_1_61' title='bbox 475 1063 570 1113; x_wconf 78' lang='lat' dir='ltr'>Punicis</span> 
     </span>
     <span class='ocr_line' id='line_1_16' title="bbox 155 1127 467 1189; baseline 0.006 -15"><span class='ocrx_word' id='word_1_62' title='bbox 155 1127 238 1174; x_wconf 80' lang='lat' dir='ltr'>Affixa</span> <span class='ocrx_word' id='word_1_63' title='bbox 247 1127 356 1189; x_wconf 83' lang='lat' dir='ltr'>delubris,</span> <span class='ocrx_word' id='word_1_64' title='bbox 368 1136 391 1176; x_wconf 87' lang='lat' dir='ltr'>et</span> <span class='ocrx_word' id='word_1_65' title='bbox 401 1144 467 1176; x_wconf 81' lang='lat' dir='ltr'>ormo</span> 
     </span>
     <span class='ocr_line' id='line_1_17' title="bbox 188 1189 526 1254; baseline 0.006 -16"><span class='ocrx_word' id='word_1_66' title='bbox 188 1189 307 1240; x_wconf 79' lang='lat' dir='ltr'>Militibus</span> <span class='ocrx_word' id='word_1_67' title='bbox 318 1192 367 1240; x_wconf 89' lang='lat' dir='ltr'>sine</span> <span class='ocrx_word' id='word_1_68' title='bbox 377 1193 446 1252; x_wconf 68' lang='lat' dir='ltr'>cade,</span> <span class='ocrx_word' id='word_1_69' title='bbox 458 1193 526 1254; x_wconf 84' lang='lat' dir='ltr'>dixit,</span> 
     </span>
     <span class='ocr_line' id='line_1_18' title="bbox 123 1254 514 1320; baseline 0.01 -18"><span class='ocrx_word' id='word_1_70' title='bbox 123 1254 226 1318; x_wconf 81' lang='lat' dir='ltr'>Dereptu</span> <span class='ocrx_word' id='word_1_71' title='bbox 237 1256 299 1313; x_wconf 78' lang='lat' dir='ltr'>vidi3</span> <span class='ocrx_word' id='word_1_72' title='bbox 317 1255 365 1304; x_wconf 90' lang='lat' dir='ltr'>vidi</span> <span class='ocrx_word' id='word_1_73' title='bbox 375 1273 417 1320; x_wconf 79' lang='lat' dir='ltr'>ego</span> <span class='ocrx_word' id='word_1_74' title='bbox 428 1258 514 1306; x_wconf 82' lang='lat' dir='ltr'>ciuium</span> 
     </span>
     <span class='ocr_line' id='line_1_19' title="bbox 123 1319 489 1384; baseline 0.014 -18"><span class='ocrx_word' id='word_1_75' title='bbox 123 1319 222 1367; x_wconf 76' lang='lat' dir='ltr'>Retorto</span> <span class='ocrx_word' id='word_1_76' title='bbox 231 1327 295 1384; x_wconf 78' lang='lat' dir='ltr'>tergo</span> <span class='ocrx_word' id='word_1_77' title='bbox 305 1321 399 1378; x_wconf 68' lang='lat' dir='ltr'>brachis</span> <span class='ocrx_word' id='word_1_78' title='bbox 409 1322 489 1382; x_wconf 86' lang='lat' dir='ltr'>libero,</span> 
     </span>
     <span class='ocr_line' id='line_1_20' title="bbox 157 1384 548 1448; baseline 0.013 -17"><span class='ocrx_word' id='word_1_79' title='bbox 157 1384 285 1448; x_wconf 79' lang='lat' dir='ltr'>Portesque</span> <span class='ocrx_word' id='word_1_80' title='bbox 294 1400 341 1432; x_wconf 88' lang='lat' dir='ltr'>uon</span> <span class='ocrx_word' id='word_1_81' title='bbox 352 1387 449 1445; x_wconf 74' lang='lat' dir='ltr'>clausos,</span> <span class='ocrx_word' id='word_1_82' title='bbox 461 1393 484 1434; x_wconf 89' lang='lat' dir='ltr'>et</span> <span class='ocrx_word' id='word_1_83' title='bbox 493 1403 548 1436; x_wconf 80' lang='lat' dir='ltr'>ervo</span> 
     </span>
     <span class='ocr_line' id='line_1_21' title="bbox 188 1448 536 1512; baseline 0.011 -16"><span class='ocrx_word' id='word_1_84' title='bbox 188 1448 268 1496; x_wconf 84' lang='lat' dir='ltr'>Morte</span> <span class='ocrx_word' id='word_1_85' title='bbox 277 1449 322 1498; x_wconf 88' lang='lat' dir='ltr'>ooli</span> <span class='ocrx_word' id='word_1_86' title='bbox 330 1451 442 1512; x_wconf 74' lang='lat' dir='ltr'>populato</span> <span class='ocrx_word' id='word_1_87' title='bbox 451 1460 536 1500; x_wconf 81' lang='lat' dir='ltr'>nostro.</span> 
     </span>
     <span class='ocr_line' id='line_1_22' title="bbox 122 1513 489 1576; baseline 0.008 -16"><span class='ocrx_word' id='word_1_88' title='bbox 122 1513 191 1560; x_wconf 87' lang='lat' dir='ltr'>Auro</span> <span class='ocrx_word' id='word_1_89' title='bbox 202 1529 312 1576; x_wconf 80' lang='lat' dir='ltr'>repensus</span> <span class='ocrx_word' id='word_1_90' title='bbox 323 1514 407 1562; x_wconf 85' lang='lat' dir='ltr'>scilieet</span> <span class='ocrx_word' id='word_1_91' title='bbox 417 1515 489 1564; x_wconf 80' lang='lat' dir='ltr'>aerior</span> 
     </span>
     <span class='ocr_line' id='line_1_23' title="bbox 124 1576 509 1642; baseline 0.01 -18"><span class='ocrx_word' id='word_1_92' title='bbox 124 1576 197 1624; x_wconf 86' lang='lat' dir='ltr'>Miles</span> <span class='ocrx_word' id='word_1_93' title='bbox 207 1577 309 1627; x_wconf 76' lang='lat' dir='ltr'>redibit?</span> <span class='ocrx_word' id='word_1_94' title='bbox 327 1578 414 1642; x_wconf 72' lang='lat' dir='ltr'>flagitio</span> <span class='ocrx_word' id='word_1_95' title='bbox 425 1579 509 1628; x_wconf 77' lang='lat' dir='ltr'>additis</span> 
     </span>
     <span class='ocr_line' id='line_1_24' title="bbox 156 1640 601 1706; baseline 0.016 -19"><span class='ocrx_word' id='word_1_96' title='bbox 156 1640 287 1690; x_wconf 81' lang='lat' dir='ltr'>Damnum.</span> <span class='ocrx_word' id='word_1_97' title='bbox 314 1643 398 1706; x_wconf 92' lang='lat' dir='ltr'>Neque</span> <span class='ocrx_word' id='word_1_98' title='bbox 407 1644 502 1692; x_wconf 79' lang='lat' dir='ltr'>amissos</span> <span class='ocrx_word' id='word_1_99' title='bbox 513 1644 601 1704; x_wconf 66' lang='lat' dir='ltr'>oolores</span> 
     </span>
     <span class='ocr_line' id='line_1_25' title="bbox 187 1705 533 1758; baseline 0.006 -4"><span class='ocrx_word' id='word_1_100' title='bbox 187 1705 256 1754; x_wconf 71' lang='lat' dir='ltr'><strong>Lana</strong></span> <span class='ocrx_word' id='word_1_101' title='bbox 266 1705 333 1754; x_wconf 78' lang='lat' dir='ltr'>refert</span> <span class='ocrx_word' id='word_1_102' title='bbox 343 1707 456 1756; x_wconf 73' lang='lat' dir='ltr'>medioata</span> <span class='ocrx_word' id='word_1_103' title='bbox 465 1708 533 1758; x_wconf 72' lang='lat' dir='ltr'>fucos</span> 
     </span>
     <span class='ocr_line' id='line_1_26' title="bbox 122 1768 582 1836; baseline 0.009 -19"><span class='ocrx_word' id='word_1_104' title='bbox 122 1768 177 1818; x_wconf 84' lang='lat' dir='ltr'>Neu</span> <span class='ocrx_word' id='word_1_105' title='bbox 186 1785 241 1818; x_wconf 82' lang='lat' dir='ltr'>vera</span> <span class='ocrx_word' id='word_1_106' title='bbox 250 1770 332 1830; x_wconf 86' lang='lat' dir='ltr'>virtus,</span> <span class='ocrx_word' id='word_1_107' title='bbox 344 1785 398 1818; x_wconf 84' lang='lat' dir='ltr'>cum</span> <span class='ocrx_word' id='word_1_108' title='bbox 408 1773 480 1821; x_wconf 85' lang='lat' dir='ltr'>semel</span> <span class='ocrx_word' id='word_1_109' title='bbox 490 1772 582 1836; x_wconf 78' lang='lat' dir='ltr'>excidit,</span> 
     </span>
     <span class='ocr_line' id='line_1_27' title="bbox 123 1833 453 1898; baseline 0.012 -17"><span class='ocrx_word' id='word_1_110' title='bbox 123 1833 198 1882; x_wconf 66' lang='lat' dir='ltr'>ciunt</span> <span class='ocrx_word' id='word_1_111' title='bbox 207 1834 288 1898; x_wconf 83' lang='lat' dir='ltr'>reponi</span> <span class='ocrx_word' id='word_1_112' title='bbox 297 1835 453 1885; x_wconf 81' lang='lat' dir='ltr'>deterioribus.</span> 
     </span>
     <span class='ocr_line' id='line_1_28' title="bbox 131 1898 488 1962; baseline 0.008 -16"><span class='ocrx_word' id='word_1_113' title='bbox 131 1902 137 1910; x_wconf 91' lang='lat'><strong><em>‘</em></strong></span> <span class='ocrx_word' id='word_1_114' title='bbox 155 1898 182 1946; x_wconf 88' lang='lat' dir='ltr'>Si</span> <span class='ocrx_word' id='word_1_115' title='bbox 192 1907 283 1962; x_wconf 78' lang='lat' dir='ltr'>pugnat</span> <span class='ocrx_word' id='word_1_116' title='bbox 293 1901 403 1948; x_wconf 76' lang='lat' dir='ltr'>extr-itote</span> <span class='ocrx_word' id='word_1_117' title='bbox 412 1901 488 1950; x_wconf 81' lang='lat' dir='ltr'>densis</span> 
     </span>
     <span class='ocr_line' id='line_1_29' title="bbox 188 1963 545 2028; baseline 0.011 -18"><span class='ocrx_word' id='word_1_118' title='bbox 188 1963 264 2011; x_wconf 78' lang='lat' dir='ltr'>Cerva</span> <span class='ocrx_word' id='word_1_119' title='bbox 273 1965 356 2028; x_wconf 81' lang='lat' dir='ltr'>plagis,</span> <span class='ocrx_word' id='word_1_120' title='bbox 368 1965 411 2012; x_wconf 90' lang='lat' dir='ltr'>erit</span> <span class='ocrx_word' id='word_1_121' title='bbox 420 1965 460 2014; x_wconf 85' lang='lat' dir='ltr'>ille</span> <span class='ocrx_word' id='word_1_122' title='bbox 469 1965 545 2026; x_wconf 77' lang='lat' dir='ltr'>tortis,</span> 
     </span>
     <span class='ocr_line' id='line_1_30' title="bbox 79 2025 547 2090; baseline 0.015 -18"><span class='ocrx_word' id='word_1_123' title='bbox 79 2048 81 2054; x_wconf 40' lang='lat' dir='ltr'><strong><em>s</em></strong></span> <span class='ocrx_word' id='word_1_124' title='bbox 123 2025 175 2084; x_wconf 88' lang='lat' dir='ltr'>Qui</span> <span class='ocrx_word' id='word_1_125' title='bbox 243 2027 278 2076; x_wconf 82' lang='lat' dir='ltr'>dis</span> <span class='ocrx_word' id='word_1_126' title='bbox 289 2045 313 2076; x_wconf 89' lang='lat' dir='ltr'>se</span> <span class='ocrx_word' id='word_1_127' title='bbox 323 2029 418 2077; x_wconf 63' lang='lat' dir='ltr'>cedidit</span> <span class='ocrx_word' id='word_1_128' title='bbox 428 2029 547 2090; x_wconf 73' lang='lat' dir='ltr'>hostibus3</span> 
     </span>
     <span class='ocr_line' id='line_1_31' title="bbox 122 2090 541 2157; baseline 0.01 -15"><span class='ocrx_word' id='word_1_129' title='bbox 122 2090 158 2142; x_wconf 77' lang='lat' dir='ltr'>Et</span> <span class='ocrx_word' id='word_1_130' title='bbox 199 2100 248 2138; x_wconf 81' lang='lat' dir='ltr'>arte</span> <span class='ocrx_word' id='word_1_131' title='bbox 258 2092 342 2143; x_wconf 86' lang='lat' dir='ltr'>Poenos&#39;</span> <span class='ocrx_word' id='word_1_132' title='bbox 351 2102 451 2156; x_wconf 87' lang='lat' dir='ltr'>proteret</span> <span class='ocrx_word' id='word_1_133' title='bbox 460 2095 541 2157; x_wconf 82' lang='lat' dir='ltr'>altero,</span> 
     </span>
     <span class='ocr_line' id='line_1_32' title="bbox 157 2155 483 2214; baseline 0.037 -13"><span class='ocrx_word' id='word_1_134' title='bbox 157 2155 207 2214; x_wconf 88' lang='lat' dir='ltr'>Qui</span> <span class='ocrx_word' id='word_1_135' title='bbox 217 2156 267 2204; x_wconf 81' lang='lat' dir='ltr'>lora</span> <span class='ocrx_word' id='word_1_136' title='bbox 277 2157 384 2206; x_wconf 79' lang='lat' dir='ltr'>restrictis</span> <span class='ocrx_word' id='word_1_137' title='bbox 391 2158 483 2212; x_wconf 69' lang='lat' dir='ltr'>laceros</span> 
     </span>
     <span class='ocr_line' id='line_1_33' title="bbox 189 2220 596 2286; baseline 0.015 -18"><span class='ocrx_word' id='word_1_138' title='bbox 189 2220 266 2268; x_wconf 78' lang='lat' dir='ltr'>Sensit</span> <span class='ocrx_word' id='word_1_139' title='bbox 276 2221 345 2283; x_wconf 84' lang='lat' dir='ltr'>iners,</span> <span class='ocrx_word' id='word_1_140' title='bbox 357 2221 480 2286; x_wconf 77' lang='lat' dir='ltr'>timuitque</span> <span class='ocrx_word' id='word_1_141' title='bbox 489 2232 596 2275; x_wconf 76' lang='lat' dir='ltr'>mortem·</span> 
     </span>
     <span class='ocr_line' id='line_1_34' title="bbox 125 2283 565 2349; baseline 0.009 -17"><span class='ocrx_word' id='word_1_142' title='bbox 125 2283 182 2344; x_wconf 74' lang='lat' dir='ltr'>flio,</span> <span class='ocrx_word' id='word_1_143' title='bbox 194 2285 257 2333; x_wconf 87' lang='lat' dir='ltr'>unde</span> <span class='ocrx_word' id='word_1_144' title='bbox 267 2285 339 2334; x_wconf 74' lang='lat' dir='ltr'>vitam</span> <span class='ocrx_word' id='word_1_145' title='bbox 350 2296 459 2346; x_wconf 83' lang='lat' dir='ltr'>sumeret,</span> <span class='ocrx_word' id='word_1_146' title='bbox 470 2287 565 2349; x_wconf 78' lang='lat' dir='ltr'>inscius,</span> 
     </span>
     <span class='ocr_line' id='line_1_35' title="bbox 115 2349 564 2414; baseline 0.007 -16"><span class='ocrx_word' id='word_1_147' title='bbox 115 2397 117 2402; x_wconf 87' lang='grc'><strong>,</strong></span> <span class='ocrx_word' id='word_1_148' title='bbox 126 2349 212 2398; x_wconf 78' lang='lat' dir='ltr'>Pacem</span> <span class='ocrx_word' id='word_1_149' title='bbox 223 2349 301 2398; x_wconf 90' lang='lat' dir='ltr'>duello</span> <span class='ocrx_word' id='word_1_150' title='bbox 311 2350 411 2412; x_wconf 84' lang='lat' dir='ltr'>miscuit.</span> <span class='ocrx_word' id='word_1_151' title='bbox 439 2351 463 2400; x_wconf 93' lang='grc' dir='ltr'>Ο</span> <span class='ocrx_word' id='word_1_152' title='bbox 474 2353 549 2414; x_wconf 81' lang='lat' dir='ltr'>pudor</span> <span class='ocrx_word' id='word_1_153' title='bbox 557 2354 564 2402; x_wconf 85' lang='lat' dir='ltr'>t</span> 
     </span>
     <span class='ocr_line' id='line_1_36' title="bbox 158 2413 541 2479; baseline 0.01 -17"><span class='ocrx_word' id='word_1_154' title='bbox 158 2413 183 2462; x_wconf 89' lang='lat'>0</span> <span class='ocrx_word' id='word_1_155' title='bbox 193 2429 280 2476; x_wconf 75' lang='lat' dir='ltr'><strong>magna</strong></span> <span class='ocrx_word' id='word_1_156' title='bbox 291 2415 415 2478; x_wconf 76' lang='lat' dir='ltr'>Carthago,</span> <span class='ocrx_word' id='word_1_157' title='bbox 426 2417 541 2479; x_wconf 82' lang='lat' dir='ltr'>probrosis</span> 
     </span>
     <span class='ocr_line' id='line_1_37' title="bbox 190 2477 455 2527; baseline 0.004 -1"><span class='ocrx_word' id='word_1_158' title='bbox 190 2477 271 2526; x_wconf 83' lang='lat' dir='ltr'>Altior</span> <span class='ocrx_word' id='word_1_159' title='bbox 282 2478 357 2526; x_wconf 66' lang='lat' dir='ltr'>Italia</span> <span class='ocrx_word' id='word_1_160' title='bbox 367 2479 455 2527; x_wconf 83' lang='lat' dir='ltr'>ruinis!</span> 
     </span>
     <span class='ocr_line' id='line_1_38' title="bbox 125 2541 550 2607; baseline 0.012 -17"><span class='ocrx_word' id='word_1_161' title='bbox 125 2541 211 2590; x_wconf 82' lang='lat' dir='ltr'>Fertur</span> <span class='ocrx_word' id='word_1_162' title='bbox 220 2542 311 2606; x_wconf 77' lang='lat' dir='ltr'>pudicae</span> <span class='ocrx_word' id='word_1_163' title='bbox 321 2544 426 2607; x_wconf 80' lang='lat' dir='ltr'>conjugis</span> <span class='ocrx_word' id='word_1_164' title='bbox 436 2545 550 2607; x_wconf 81' lang='lat' dir='ltr'>osculum,</span> 
     </span>
     <span class='ocr_line' id='line_1_39' title="bbox 128 2605 569 2674; baseline 0.009 -18"><span class='ocrx_word' id='word_1_165' title='bbox 128 2605 261 2671; x_wconf 63' lang='lat' dir='ltr'>parvosque</span> <span class='ocrx_word' id='word_1_166' title='bbox 271 2615 346 2668; x_wconf 74' lang='lat' dir='ltr'>news,</span> <span class='ocrx_word' id='word_1_167' title='bbox 357 2616 385 2656; x_wconf 93' lang='lat' dir='ltr'>ut</span> <span class='ocrx_word' id='word_1_168' title='bbox 395 2609 475 2672; x_wconf 76' lang='lat' dir='ltr'>ospitis</span> <span class='ocrx_word' id='word_1_169' title='bbox 485 2610 569 2674; x_wconf 75' lang='lat' dir='ltr'>miror,</span> 
     </span>
    </p>
   </div>
   <div class='ocr_carea' id='block_1_3' title="bbox 0 0 936 2928">
    <p class='ocr_par' dir='ltr' id='par_1_3' title="bbox 0 0 936 2928">
     <span class='ocr_line' id='line_1_40' title="bbox 0 0 936 2928; baseline 0 0"><span class='ocrx_word' id='word_1_170' title='bbox 0 0 936 2928; x_wconf 95' lang='lat' dir='ltr'> </span> 
     </span>
    </p>
   </div>
  </div>
 </body>
</html>
