1864 2928
388 142 479 192 ODAE·
498 143 519 194 1.
533 145 576 192 22.

144 270 197 319 Vos
207 271 284 319 letum
297 270 408 320 fluviis-et
418 287 540 320 nemorum
551 272 626 331 uomit,
804 277 820 320 5

144 336 310 399 Quintumque
320 344 361 383 aut
373 337 450 399 gelido
460 337 576 401 prominet
586 336 683 401 Algido,

178 399 258 462 Nigris
269 409 310 447 aut
320 401 461 464 Erymanthi
494 451 496 457 ,

210 464 289 523 Silvis,
301 473 342 511 aut
353 465 431 514 viridis
443 467 528 530 Gragi:
599 511 601 517 .

143 528 195 577 Vos
207 529 299 592 Tempe
308 529 404 578 totidem
415 532 489 579 tollite
499 531 616 591 laudibus,

72 592 76 599 '
143 593 312 657 Natalemque,
323 609 407 654 mures,
420 594 497 643 Delon
508 597 636 658 Apollinis,
788 599 818 646 10

157 684 165 696 ·
178 658 346 722 Insignemque
355 659 464 723 pharetris
489 671 491 676 '

211 721 370 786 Fratemitque
380 723 505 778 humerum
516 725 575 790 lyri.

145 786 195 834 Hie
205 787 294 834 bellum
304 787 468 851 lacrymosum,
480 789 519 837 hio
529 791 636 839 miserem
647 790 734 840 famem
793 850 796 856 ¹

145 851 295 914 Pestemque,
307 868 322 899 a
331 853 418 916 populo
429 862 452 901 et
462 855 566 918 principe
577 856 676 915 Cesare,
688 857 712 904 in

180 916 262 964 Persas
273 926 343 980 atque
355 917 489 976 Britannos,
788 924 819 970 15

209 979 296 1029 Vestri
305 989 383 1031 motus
393 993 447 1046 aget
455 999 529 1047 preoe.

389 1175 461 1228 ODE
478 1179 567 1229 XXII.

272 1339 276 1344 .
330 1299 372 1348 Aa
382 1300 507 1347 Aristium
518 1303 632 1349 Fumone.

143 1430 240 1494 Integer
251 1431 305 1479 vitre
315 1432 451 1496 scelerisque
461 1447 535 1496 purus

142 1496 203 1544 Non
214 1505 266 1559 eget
278 1494 395 1561 [Mauris]
405 1497 489 1558 jaculis
500 1513 575 1562 neque
585 1513 658 1558 arou,

142 1561 173 1609 N
174 1575 199 1608 eo
209 1561 327 1609 venenatis
337 1561 433 1625 gravidi
444 1563 543 1625 sagittis,

277 1627 360 1683 Fusco,
371 1626 493 1689 pharurim

140 1689 200 1739 Sive
210 1705 252 1754 per
262 1691 341 1754 Syrtes
352 1691 394 1739 iter
405 1699 521 1750 aestuosus,
599 1735 604 1744 ,

141 1754 201 1802 Sive
211 1755 313 1803 faotunrs
375 1755 538 1819 inhospitalem

141 1819 286 1880 Caucasum,
345 1836 398 1884 quae
406 1820 457 1868 loos
467 1821 593 1888 fubulmus

275 1885 372 1932 lambit
383 1885 515 1948 Hydaspes

140 1948 258 2013 Namque
268 1964 307 1996 me
317 1949 375 1997 silvi
385 1950 456 2012 lupus
466 1949 492 1996 in
503 1950 599 2012 Sabini,

139 2011 213 2061 Dum
223 2028 301 2061 meam
311 2023 379 2062 osnto
479 2029 504 2074 n,
515 2025 538 2062 et
549 2015 610 2064 ultra
787 2017 818 2065 l⁰

141 2076 287 2125 Terminum
299 2078 359 2126 euris
370 2093 441 2142 vagor
466 2079 603 2145 expeditis‚]

275 2142 347 2206 Fugit
357 2142 485 2191 inermem:

137 2207 223 2267 Quale
232 2215 365 2270 portentum
376 2221 452 2271 neque
462 2209 568 2257 militaris

137 2271 250 2321 Daunias
260 2271 313 2319 lutis
324 2271 366 2320 ulit
376 2273 489 2328 esculetis,

135 2338 195 2386 Nec
205 2337 278 2385 Jubae
288 2337 357 2385 tellus
368 2346 469 2400 generat,
480 2338 575 2387 leonum
786 2342 815 2388 16

274 2401 350 2450 Arida
360 2402 447 2450 nutrix.
539 2439 545 2448 .

136 2467 208 2516 Pone
219 2481 266 2526 me,
277 2466 350 2530 pigris
360 2467 402 2514 ubi
412 2467 478 2514 nulla
488 2468 575 2532 campis

135 2533 223 2580 Arbor
233 2531 311 2580 estivi
321 2539 437 2580 recreatur
447 2532 513 2591 suri,
647 2554 652 2562 ·

134 2595 215 2657 Quod
225 2595 286 2644 latus
297 2595 380 2644 mundi
391 2597 483 2644 nebulae
492 2597 615 2662 malusque

271 2661 366 2725 Jupiter
376 2669 458 2724 urgett
782 2663 815 2708 2⁰
