1864 2928
373 89 464 141 ODAE.
481 92 502 140 1.
520 92 544 140 ³.

390 329 462 379 ODE
480 329 532 378 111.

164 457 206 511 Ad
216 461 312 508 Navem
323 457 371 522 pai
382 460 507 508 uehebatur
522 459 642 520 Virgilius
652 455 759 504 Atbmr

379 524 537 586 proficiscens.

127 651 167 702 ste
176 661 200 701 te
210 651 273 702 Diva
282 663 364 718 potens
375 654 457 718 Cypri,

159 717 199 766 Sic
208 717 288 766 fratres
299 719 405 779 Helene,
416 718 494 776 lucida
504 716 586 778 sidera,

128 781 305 846 Ventorumque
315 791 380 845 regat
389 791 462 846 pater,

160 845 284 895 obstrictis
294 847 353 907 aliis,
365 855 447 910 praeter
458 848 562 911 Iapyga:

128 909 211 970 Navis,
223 927 276 974 quae
286 911 329 959 tibi
340 911 452 959 creditum

160 974 238 1023 Debes
248 975 385 1039 Virgilium,
398 971 484 1022 finibus
494 973 581 1022 Atticis

127 1039 222 1087 Reddas
229 1040 380 1100 incolumem,
392 1055 480 1103 precor,

159 1103 193 1151 Et
203 1119 278 1152 serves
288 1104 373 1152 animae
383 1103 507 1152 dimidium
518 1119 583 1152 mete.

127 1167 169 1216 Illi
179 1170 249 1216 robur
259 1178 283 1216 et
293 1185 323 1216 aa
333 1168 418 1231 triplex

160 1232 228 1280 Circa
237 1243 318 1296 pectus
328 1242 384 1292 erat,
396 1233 438 1296 qui
448 1231 554 1295 fragilem
564 1230 625 1280 truci
769 1233 800 1281 1⁰

128 1295 252 1344 Commisit
262 1298 344 1360 pelago
355 1306 427 1345 ratem
566 1345 568 1349 ,

160 1361 263 1422 Primus,
275 1377 317 1410 nec
327 1362 406 1410 timuit
417 1361 558 1424 precipitem
569 1359 686 1410 Africum
751 1371 752 1375 ’

127 1423 289 1474 Decerant'em
300 1426 467 1490 Aquilonibus,

161 1491 212 1538 Nec
223 1491 297 1538 tristes
308 1491 413 1554 Hyadas,
425 1505 467 1538 nec
477 1490 565 1538 rabiem
576 1487 649 1546 Noti;

128 1554 184 1614 Quo
194 1569 241 1602 nou
252 1555 335 1603 arbiter
345 1554 427 1602 Adria
567 1565 568 1568 ’
769 1555 801 1604 lb

160 1618 248 1680 Major,
259 1619 338 1667 tollere
348 1635 388 1666 eeu
399 1634 483 1682 ponere
493 1618 545 1666 vult
554 1617 620 1666 freta.

129 1683 209 1743 Quem
219 1683 300 1730 mortis
311 1683 390 1730 timuit
400 1683 508 1746 gradum,

159 1747 210 1806 Qui
223 1747 286 1796 niueis
297 1747 368 1795 oculis
380 1759 481 1796 monstra
492 1747 604 1808 natantia,

127 1811 178 1872 Qui
189 1811 247 1859 vidit
256 1827 320 1860 mare
332 1810 486 1876 [turbidum]
498 1820 521 1860 et

160 1875 262 1924 Infames
273 1877 385 1938 scopulos,
398 1875 587 1925 Acroceraunia?
766 1877 798 1924 20
830 1895 833 1902 ’

127 1939 153 1988 N
182 1940 295 2003 uidquam
308 1941 371 1990 Deua
382 1941 478 1988 abscidit

181 2004 266 2052 mdens
276 2005 370 2054 Oceano
381 2004 519 2053 dissociabili

129 2066 221 2129 Terras,
234 2068 341 2116 sitamen
352 2069 432 2132 impiae

159 2133 216 2180 Non
226 2135 341 2196 tangenda
351 2145 410 2181 rates
421 2132 552 2182 transiliunt
563 2133 628 2182 vada.

127 2196 216 2244 Audax
227 2198 306 2246 omnia
316 2197 405 2261 perpeti
646 2210 648 2214 '
767 2201 799 2245 25

160 2262 224 2310 Gens
234 2261 337 2310 humana
347 2263 394 2309 ruit
403 2277 445 2324 per
455 2261 553 2308 vetitum
564 2261 636 2312 nefas.

127 2325 217 2375 Audax
227 2326 304 2388 Iapeti
315 2341 387 2388 genus

160 2390 245 2453 Ignem
255 2389 335 2438 fraude
346 2390 409 2438 mali
417 2389 524 2454 gentibus
534 2389 629 2440 intulit:

129 2437 186 2502 i’ost
195 2454 274 2518 ignem
284 2455 379 2503 aetherei
391 2455 461 2503 domo
713 2517 715 2519 Ι

160 2518 316 2578 Subduttum,
328 2519 412 2567 macies
423 2528 447 2566 et
456 2533 516 2567 nova
526 2518 626 2568 febrium
766 2520 799 2571 3⁰

119 2574 209 2636 'Terris
217 2583 324 2632 incubuit
333 2583 428 2646 cohora3
