<?xml version="1.0" encoding="UTF-8"?>
<!DOCTYPE html PUBLIC "-//W3C//DTD XHTML 1.0 Transitional//EN"
    "http://www.w3.org/TR/xhtml1/DTD/xhtml1-transitional.dtd">
<html xmlns="http://www.w3.org/1999/xhtml" xml:lang="en" lang="en">
 <head>
  <title>
</title>
<meta http-equiv="Content-Type" content="text/html;charset=utf-8" />
  <meta name='ocr-system' content='tesseract 3.04.00' />
  <meta name='ocr-capabilities' content='ocr_page ocr_carea ocr_par ocr_line ocrx_word'/>
</head>
<body>
  <div class='ocr_page' id='page_1' title='image "./quintihoratiifl02zeungoog_0104.png"; bbox 0 0 1828 2926; ppageno 0'>
   <div class='ocr_carea' id='block_1_1' title="bbox 348 105 549 157">
    <p class='ocr_par' dir='ltr' id='par_1_1' title="bbox 348 105 549 157">
     <span class='ocr_line' id='line_1_1' title="bbox 348 105 549 157; baseline 0 -1"><span class='ocrx_word' id='word_1_1' title='bbox 348 105 439 157; x_wconf 78' lang='lat' dir='ltr'><strong>ODAE.</strong></span> <span class='ocrx_word' id='word_1_2' title='bbox 457 107 504 156; x_wconf 89' lang='lat' dir='ltr'>1v.</span> <span class='ocrx_word' id='word_1_3' title='bbox 520 109 549 157; x_wconf 79' lang='grc'>9.</span> 
     </span>
    </p>
   </div>
   <div class='ocr_carea' id='block_1_2' title="bbox 95 236 576 2688">
    <p class='ocr_par' dir='ltr' id='par_1_2' title="bbox 110 236 541 558">
     <span class='ocr_line' id='line_1_2' title="bbox 142 236 504 302; baseline -0.003 -15"><span class='ocrx_word' id='word_1_4' title='bbox 142 238 282 302; x_wconf 76' lang='lat' dir='ltr'>vivuntque</span> <span class='ocrx_word' id='word_1_5' title='bbox 292 236 409 286; x_wconf 71' lang='lat' dir='ltr'>semini</span> <span class='ocrx_word' id='word_1_6' title='bbox 418 237 504 286; x_wconf 70' lang='lat' dir='ltr'>misses</span> 
     </span>
     <span class='ocr_line' id='line_1_3' title="bbox 176 301 460 365; baseline -0.007 -13"><span class='ocrx_word' id='word_1_7' title='bbox 176 303 263 352; x_wconf 80' lang='lat' dir='ltr'>AEoliee</span> <span class='ocrx_word' id='word_1_8' title='bbox 273 301 358 350; x_wconf 84' lang='lat' dir='ltr'>fidibus</span> <span class='ocrx_word' id='word_1_9' title='bbox 367 301 460 365; x_wconf 71' lang='lat' dir='ltr'>puellm.</span> 
     </span>
     <span class='ocr_line' id='line_1_4' title="bbox 111 365 505 418; baseline -0.008 -1"><span class='ocrx_word' id='word_1_10' title='bbox 111 369 171 418; x_wconf 87' lang='lat' dir='ltr'>Non</span> <span class='ocrx_word' id='word_1_11' title='bbox 183 367 232 416; x_wconf 83' lang='lat' dir='ltr'>sols</span> <span class='ocrx_word' id='word_1_12' title='bbox 242 373 330 414; x_wconf 72' lang='lat' dir='ltr'>comtos</span> <span class='ocrx_word' id='word_1_13' title='bbox 340 365 395 413; x_wconf 86' lang='lat' dir='ltr'>ersit</span> <span class='ocrx_word' id='word_1_14' title='bbox 406 365 505 414; x_wconf 69' lang='lat' dir='ltr'>edulmri</span> 
     </span>
     <span class='ocr_line' id='line_1_5' title="bbox 110 429 541 492; baseline -0.002 -11"><span class='ocrx_word' id='word_1_15' title='bbox 110 433 203 492; x_wconf 78' lang='lat' dir='ltr'>Crines,</span> <span class='ocrx_word' id='word_1_16' title='bbox 215 440 238 480; x_wconf 86' lang='lat' dir='ltr'>et</span> <span class='ocrx_word' id='word_1_17' title='bbox 248 445 332 479; x_wconf 85' lang='lat' dir='ltr'>surum</span> <span class='ocrx_word' id='word_1_18' title='bbox 342 429 444 478; x_wconf 78' lang='lat' dir='ltr'>vestibus</span> <span class='ocrx_word' id='word_1_19' title='bbox 454 430 541 480; x_wconf 89' lang='lat' dir='ltr'>illitum</span> 
     </span>
     <span class='ocr_line' id='line_1_6' title="bbox 144 494 483 558; baseline -0.012 -12"><span class='ocrx_word' id='word_1_20' title='bbox 144 497 242 556; x_wconf 73' lang='lat' dir='ltr'>Mirum,</span> <span class='ocrx_word' id='word_1_21' title='bbox 253 494 387 558; x_wconf 67' lang='lat' dir='ltr'>regalesque</span> <span class='ocrx_word' id='word_1_22' title='bbox 396 495 483 555; x_wconf 83' lang='lat' dir='ltr'>cultus,</span> 
     </span>
    </p>

    <p class='ocr_par' dir='ltr' id='par_1_3' title="bbox 111 559 553 740">
     <span class='ocr_line' id='line_1_7' title="bbox 178 559 553 619; baseline 0.005 -11"><span class='ocrx_word' id='word_1_23' title='bbox 178 561 213 608; x_wconf 88' lang='lat' dir='ltr'>Et</span> <span class='ocrx_word' id='word_1_24' title='bbox 222 559 324 619; x_wconf 75' lang='lat' dir='ltr'>comites,</span> <span class='ocrx_word' id='word_1_25' title='bbox 335 559 427 608; x_wconf 79' lang='lat' dir='ltr'>Helene</span> <span class='ocrx_word' id='word_1_26' title='bbox 437 560 553 619; x_wconf 56' lang='lat' dir='ltr'>new</span> 
     </span>
     <span class='ocr_line' id='line_1_8' title="bbox 112 623 514 674; baseline 0 0"><span class='ocrx_word' id='word_1_27' title='bbox 112 625 238 674; x_wconf 83' lang='lat' dir='ltr'>Primusvs</span> <span class='ocrx_word' id='word_1_28' title='bbox 250 625 340 672; x_wconf 77' lang='lat' dir='ltr'>Teucer</span> <span class='ocrx_word' id='word_1_29' title='bbox 349 623 396 672; x_wconf 78' lang='lat' dir='ltr'>tels</span> <span class='ocrx_word' id='word_1_30' title='bbox 407 623 427 673; x_wconf 86' lang='lat' dir='ltr'>C</span> <span class='ocrx_word' id='word_1_31' title='bbox 443 624 514 674; x_wconf 80' lang='lat' dir='ltr'>donis</span> 
     </span>
     <span class='ocr_line' id='line_1_9' title="bbox 111 688 503 740; baseline -0.005 0"><span class='ocrx_word' id='word_1_32' title='bbox 111 689 208 740; x_wconf 85' lang='lat' dir='ltr'>Direxit</span> <span class='ocrx_word' id='word_1_33' title='bbox 217 704 288 738; x_wconf 75' lang='lat' dir='ltr'>monz</span> <span class='ocrx_word' id='word_1_34' title='bbox 305 701 352 736; x_wconf 89' lang='lat' dir='ltr'>non</span> <span class='ocrx_word' id='word_1_35' title='bbox 363 703 410 735; x_wconf 86' lang='lat' dir='ltr'>sem</span> <span class='ocrx_word' id='word_1_36' title='bbox 445 688 503 738; x_wconf 89' lang='lat' dir='ltr'>Ilios</span> 
     </span>
    </p>

    <p class='ocr_par' dir='ltr' id='par_1_4' title="bbox 146 753 537 816">
     <span class='ocr_line' id='line_1_10' title="bbox 146 753 537 816; baseline -0.013 -12"><span class='ocrx_word' id='word_1_37' title='bbox 146 755 254 804; x_wconf 84' lang='lat' dir='ltr'>Vexsts:</span> <span class='ocrx_word' id='word_1_38' title='bbox 271 766 318 799; x_wconf 89' lang='lat' dir='ltr'>non</span> <span class='ocrx_word' id='word_1_39' title='bbox 328 753 443 815; x_wconf 72' lang='lat' dir='ltr'>pugnavit</span> <span class='ocrx_word' id='word_1_40' title='bbox 452 753 537 816; x_wconf 74' lang='lat' dir='ltr'>ingens</span> 
     </span>
    </p>

    <p class='ocr_par' dir='ltr' id='par_1_5' title="bbox 112 816 571 1012">
     <span class='ocr_line' id='line_1_11' title="bbox 180 816 555 867; baseline 0 -1"><span class='ocrx_word' id='word_1_41' title='bbox 180 818 320 866; x_wconf 74' lang='lat' dir='ltr'>Idomeneus</span> <span class='ocrx_word' id='word_1_42' title='bbox 331 816 482 866; x_wconf 85' lang='lat' dir='ltr'>Sthenelusve</span> <span class='ocrx_word' id='word_1_43' title='bbox 492 819 555 867; x_wconf 89' lang='lat' dir='ltr'>solus</span> 
     </span>
     <span class='ocr_line' id='line_1_12' title="bbox 112 881 559 945; baseline -0.002 -12"><span class='ocrx_word' id='word_1_44' title='bbox 112 882 222 933; x_wconf 75' lang='lat' dir='ltr'>Dicenda</span> <span class='ocrx_word' id='word_1_45' title='bbox 233 881 311 931; x_wconf 89' lang='lat' dir='ltr'>Musis</span> <span class='ocrx_word' id='word_1_46' title='bbox 322 881 417 945; x_wconf 74' lang='lat' dir='ltr'>proelis3</span> <span class='ocrx_word' id='word_1_47' title='bbox 435 896 482 930; x_wconf 89' lang='lat' dir='ltr'>non</span> <span class='ocrx_word' id='word_1_48' title='bbox 493 883 559 932; x_wconf 76' lang='lat' dir='ltr'>ferox</span> 
     </span>
     <span class='ocr_line' id='line_1_13' title="bbox 114 945 571 1012; baseline 0.002 -17"><span class='ocrx_word' id='word_1_49' title='bbox 114 949 213 1002; x_wconf 83' lang='lat' dir='ltr'>Hector,</span> <span class='ocrx_word' id='word_1_50' title='bbox 224 947 261 995; x_wconf 82' lang='lat' dir='ltr'>ve]</span> <span class='ocrx_word' id='word_1_51' title='bbox 271 961 322 994; x_wconf 78' lang='lat' dir='ltr'>noer</span> <span class='ocrx_word' id='word_1_52' title='bbox 332 945 479 1010; x_wconf 84' lang='lat' dir='ltr'>Deiphobus,</span> <span class='ocrx_word' id='word_1_53' title='bbox 490 963 571 1012; x_wconf 72' lang='lat' dir='ltr'>graves</span> 
     </span>
    </p>

    <p class='ocr_par' dir='ltr' id='par_1_6' title="bbox 98 1011 568 1333">
     <span class='ocr_line' id='line_1_14' title="bbox 147 1011 470 1075; baseline -0.003 -14"><span class='ocrx_word' id='word_1_54' title='bbox 147 1011 249 1075; x_wconf 80' lang='lat' dir='ltr'>Exoepit</span> <span class='ocrx_word' id='word_1_55' title='bbox 258 1011 317 1059; x_wconf 87' lang='lat' dir='ltr'>ictus</span> <span class='ocrx_word' id='word_1_56' title='bbox 326 1025 371 1073; x_wconf 84' lang='lat' dir='ltr'>pro</span> <span class='ocrx_word' id='word_1_57' title='bbox 380 1011 470 1074; x_wconf 81' lang='lat' dir='ltr'>pudicis</span> 
     </span>
     <span class='ocr_line' id='line_1_15' title="bbox 182 1075 568 1140; baseline 0.005 -17"><span class='ocrx_word' id='word_1_58' title='bbox 182 1075 328 1138; x_wconf 76' lang='lat' dir='ltr'>conjugibus</span> <span class='ocrx_word' id='word_1_59' title='bbox 338 1075 461 1139; x_wconf 82' lang='lat' dir='ltr'>puerisque</span> <span class='ocrx_word' id='word_1_60' title='bbox 471 1076 568 1140; x_wconf 85' lang='lat' dir='ltr'>primus.</span> 
     </span>
     <span class='ocr_line' id='line_1_16' title="bbox 98 1140 539 1196; baseline -0.009 -4"><span class='ocrx_word' id='word_1_61' title='bbox 98 1185 103 1196; x_wconf 94' lang='grc'><em>,</em></span> <span class='ocrx_word' id='word_1_62' title='bbox 113 1141 206 1192; x_wconf 69' lang='lat' dir='ltr'>unere</span> <span class='ocrx_word' id='word_1_63' title='bbox 215 1140 285 1188; x_wconf 78' lang='lat' dir='ltr'>fortes</span> <span class='ocrx_word' id='word_1_64' title='bbox 294 1147 348 1187; x_wconf 79' lang='lat' dir='ltr'>ante</span> <span class='ocrx_word' id='word_1_65' title='bbox 438 1156 539 1190; x_wconf 82' lang='lat' dir='ltr'>emnone</span> 
     </span>
     <span class='ocr_line' id='line_1_17' title="bbox 116 1204 543 1262; baseline -0.005 -6"><span class='ocrx_word' id='word_1_66' title='bbox 116 1206 208 1262; x_wconf 74' lang='lat' dir='ltr'>Multi3</span> <span class='ocrx_word' id='word_1_67' title='bbox 227 1204 267 1253; x_wconf 92' lang='lat' dir='ltr'>sed</span> <span class='ocrx_word' id='word_1_68' title='bbox 276 1219 357 1254; x_wconf 85' lang='lat' dir='ltr'>omnes</span> <span class='ocrx_word' id='word_1_69' title='bbox 368 1204 373 1214; x_wconf 91' lang='lat'>&#39;</span> <span class='ocrx_word' id='word_1_70' title='bbox 472 1205 543 1254; x_wconf 83' lang='lat' dir='ltr'>sbilee</span> 
     </span>
     <span class='ocr_line' id='line_1_18' title="bbox 149 1268 480 1333; baseline -0.006 -15"><span class='ocrx_word' id='word_1_71' title='bbox 149 1271 271 1332; x_wconf 76' lang='lat' dir='ltr'>Urgemtur</span> <span class='ocrx_word' id='word_1_72' title='bbox 280 1268 399 1333; x_wconf 74' lang='lat' dir='ltr'>ignotique</span> <span class='ocrx_word' id='word_1_73' title='bbox 408 1269 480 1333; x_wconf 59' lang='lat' dir='ltr'>long&amp;</span> 
     </span>
    </p>

    <p class='ocr_par' dir='ltr' id='par_1_7' title="bbox 117 1333 565 1525">
     <span class='ocr_line' id='line_1_19' title="bbox 183 1333 565 1401; baseline 0.003 -19"><span class='ocrx_word' id='word_1_74' title='bbox 183 1335 268 1394; x_wconf 83' lang='lat' dir='ltr'><strong>Nocte,</strong></span> <span class='ocrx_word' id='word_1_75' title='bbox 279 1341 357 1381; x_wconf 74' lang='lat' dir='ltr'>ostent</span> <span class='ocrx_word' id='word_1_76' title='bbox 366 1333 423 1396; x_wconf 85' lang='lat' dir='ltr'>quis</span> <span class='ocrx_word' id='word_1_77' title='bbox 433 1342 485 1401; x_wconf 65' lang='lat' dir='ltr'>uste</span> <span class='ocrx_word' id='word_1_78' title='bbox 495 1349 565 1383; x_wconf 78' lang='lat' dir='ltr'>steno</span> 
     </span>
     <span class='ocr_line' id='line_1_20' title="bbox 117 1396 510 1461; baseline -0.003 -14"><span class='ocrx_word' id='word_1_79' title='bbox 117 1399 223 1448; x_wconf 75' lang='lat' dir='ltr'>Paulum</span> <span class='ocrx_word' id='word_1_80' title='bbox 235 1397 331 1461; x_wconf 83' lang='lat' dir='ltr'>septdtae</span> <span class='ocrx_word' id='word_1_81' title='bbox 341 1396 412 1444; x_wconf 77' lang='lat' dir='ltr'>distat</span> <span class='ocrx_word' id='word_1_82' title='bbox 422 1397 510 1446; x_wconf 75' lang='lat' dir='ltr'>inertie</span> 
     </span>
     <span class='ocr_line' id='line_1_21' title="bbox 117 1461 529 1525; baseline -0.002 -13"><span class='ocrx_word' id='word_1_83' title='bbox 117 1463 201 1512; x_wconf 73' lang='lat' dir='ltr'>cuso</span> <span class='ocrx_word' id='word_1_84' title='bbox 211 1462 290 1510; x_wconf 80' lang='lat' dir='ltr'>virtus</span> <span class='ocrx_word' id='word_1_85' title='bbox 314 1461 372 1509; x_wconf 91' lang='lat' dir='ltr'>Non</span> <span class='ocrx_word' id='word_1_86' title='bbox 383 1476 427 1525; x_wconf 79' lang='lat' dir='ltr'>ego</span> <span class='ocrx_word' id='word_1_87' title='bbox 437 1471 461 1511; x_wconf 88' lang='lat' dir='ltr'>te</span> <span class='ocrx_word' id='word_1_88' title='bbox 470 1462 529 1511; x_wconf 89' lang='lat' dir='ltr'>meis</span> 
     </span>
    </p>

    <p class='ocr_par' dir='ltr' id='par_1_8' title="bbox 150 1526 477 1583">
     <span class='ocr_line' id='line_1_22' title="bbox 150 1526 477 1583; baseline -0.003 -6"><span class='ocrx_word' id='word_1_89' title='bbox 150 1527 243 1577; x_wconf 77' lang='lat' dir='ltr'>Chattis</span> <span class='ocrx_word' id='word_1_90' title='bbox 253 1527 386 1575; x_wconf 74' lang='lat' dir='ltr'>inommm</span> <span class='ocrx_word' id='word_1_91' title='bbox 396 1526 477 1583; x_wconf 83' lang='lat' dir='ltr'>silebo,</span> 
     </span>
    </p>

    <p class='ocr_par' dir='ltr' id='par_1_9' title="bbox 116 1590 511 1770">
     <span class='ocr_line' id='line_1_23' title="bbox 183 1590 505 1654; baseline 0 -14"><span class='ocrx_word' id='word_1_92' title='bbox 183 1592 260 1640; x_wconf 83' lang='lat' dir='ltr'>Totve</span> <span class='ocrx_word' id='word_1_93' title='bbox 270 1599 323 1638; x_wconf 88' lang='lat' dir='ltr'>tuos</span> <span class='ocrx_word' id='word_1_94' title='bbox 332 1590 406 1654; x_wconf 76' lang='lat' dir='ltr'>petius</span> <span class='ocrx_word' id='word_1_95' title='bbox 415 1590 505 1641; x_wconf 75' lang='lat' dir='ltr'>labores</span> 
     </span>
     <span class='ocr_line' id='line_1_24' title="bbox 116 1655 511 1719; baseline 0.003 -14"><span class='ocrx_word' id='word_1_96' title='bbox 116 1657 158 1706; x_wconf 89' lang='lat' dir='ltr'>Im</span> <span class='ocrx_word' id='word_1_97' title='bbox 174 1671 231 1716; x_wconf 88' lang='lat' dir='ltr'>une,</span> <span class='ocrx_word' id='word_1_98' title='bbox 242 1655 315 1713; x_wconf 79' lang='lat' dir='ltr'>Lolli,</span> <span class='ocrx_word' id='word_1_99' title='bbox 326 1671 418 1719; x_wconf 76' lang='lat' dir='ltr'>serpens</span> <span class='ocrx_word' id='word_1_100' title='bbox 427 1655 511 1706; x_wconf 78' lang='lat' dir='ltr'>lividus</span> 
     </span>
     <span class='ocr_line' id='line_1_25' title="bbox 117 1673 487 1770; baseline 0 -1"><span class='ocrx_word' id='word_1_101' title='bbox 117 1673 264 1770; x_wconf 83' lang='lat' dir='ltr'>Obiiviones.</span> <span class='ocrx_word' id='word_1_102' title='bbox 286 1719 331 1768; x_wconf 88' lang='lat' dir='ltr'>Est</span> <span class='ocrx_word' id='word_1_103' title='bbox 340 1719 433 1768; x_wconf 77' lang='lat' dir='ltr'>animus</span> <span class='ocrx_word' id='word_1_104' title='bbox 443 1721 487 1769; x_wconf 87' lang='lat' dir='ltr'>tibi</span> 
     </span>
    </p>

    <p class='ocr_par' dir='ltr' id='par_1_10' title="bbox 149 1783 560 1848">
     <span class='ocr_line' id='line_1_26' title="bbox 149 1783 560 1848; baseline 0 -14"><span class='ocrx_word' id='word_1_105' title='bbox 149 1785 289 1848; x_wconf 79' lang='lat' dir='ltr'><strong>Rerumque</strong></span> <span class='ocrx_word' id='word_1_106' title='bbox 298 1783 409 1848; x_wconf 86' lang='lat' dir='ltr'>prudens,</span> <span class='ocrx_word' id='word_1_107' title='bbox 420 1791 444 1832; x_wconf 88' lang='lat' dir='ltr'>et</span> <span class='ocrx_word' id='word_1_108' title='bbox 454 1785 560 1834; x_wconf 79' lang='lat' dir='ltr'>secundis</span> 
     </span>
    </p>

    <p class='ocr_par' dir='ltr' id='par_1_11' title="bbox 115 1848 576 2040">
     <span class='ocr_line' id='line_1_27' title="bbox 184 1848 576 1912; baseline 0.003 -14"><span class='ocrx_word' id='word_1_109' title='bbox 184 1849 341 1912; x_wconf 71' lang='lat' dir='ltr'>Temporibus</span> <span class='ocrx_word' id='word_1_110' title='bbox 351 1848 475 1912; x_wconf 72' lang='lat' dir='ltr'>dubiisque</span> <span class='ocrx_word' id='word_1_111' title='bbox 484 1861 576 1908; x_wconf 71' lang='lat' dir='ltr'>rectust</span> 
     </span>
     <span class='ocr_line' id='line_1_28' title="bbox 116 1912 570 1970; baseline 0 -6"><span class='ocrx_word' id='word_1_112' title='bbox 116 1914 214 1964; x_wconf 82' lang='lat' dir='ltr'>Vindex</span> <span class='ocrx_word' id='word_1_113' title='bbox 225 1929 300 1961; x_wconf 72' lang='lat' dir='ltr'>sverm</span> <span class='ocrx_word' id='word_1_114' title='bbox 310 1912 407 1970; x_wconf 76' lang='lat' dir='ltr'>fraudis,</span> <span class='ocrx_word' id='word_1_115' title='bbox 419 1921 442 1961; x_wconf 86' lang='lat' dir='ltr'>et</span> <span class='ocrx_word' id='word_1_116' title='bbox 452 1915 570 1964; x_wconf 76' lang='lat' dir='ltr'>abstinens</span> 
     </span>
     <span class='ocr_line' id='line_1_29' title="bbox 115 1977 531 2040; baseline -0.002 -12"><span class='ocrx_word' id='word_1_117' title='bbox 115 1978 233 2028; x_wconf 74' lang='lat' dir='ltr'>Ducentis</span> <span class='ocrx_word' id='word_1_118' title='bbox 243 1977 274 2025; x_wconf 86' lang='lat' dir='ltr'>ed</span> <span class='ocrx_word' id='word_1_119' title='bbox 284 1993 308 2026; x_wconf 86' lang='lat' dir='ltr'>se</span> <span class='ocrx_word' id='word_1_120' title='bbox 318 1984 401 2026; x_wconf 79' lang='lat' dir='ltr'>cuneta</span> <span class='ocrx_word' id='word_1_121' title='bbox 411 1979 531 2040; x_wconf 65' lang='lat' dir='ltr'>pecunias</span> 
     </span>
    </p>

    <p class='ocr_par' dir='ltr' id='par_1_12' title="bbox 150 2041 500 2106">
     <span class='ocr_line' id='line_1_30' title="bbox 150 2041 500 2106; baseline -0.003 -15"><span class='ocrx_word' id='word_1_122' title='bbox 150 2042 287 2106; x_wconf 79' lang='lat' dir='ltr'>consulque</span> <span class='ocrx_word' id='word_1_123' title='bbox 297 2057 344 2089; x_wconf 90' lang='lat' dir='ltr'>non</span> <span class='ocrx_word' id='word_1_124' title='bbox 353 2041 426 2089; x_wconf 88' lang='lat' dir='ltr'>unius</span> <span class='ocrx_word' id='word_1_125' title='bbox 436 2044 500 2104; x_wconf 80' lang='lat' dir='ltr'>enni,</span> 
     </span>
    </p>

    <p class='ocr_par' dir='ltr' id='par_1_13' title="bbox 116 2107 568 2300">
     <span class='ocr_line' id='line_1_31' title="bbox 184 2107 568 2172; baseline 0.003 -16"><span class='ocrx_word' id='word_1_126' title='bbox 184 2107 231 2156; x_wconf 87' lang='lat' dir='ltr'>Sed</span> <span class='ocrx_word' id='word_1_127' title='bbox 242 2107 331 2171; x_wconf 89' lang='lat' dir='ltr'>quoties</span> <span class='ocrx_word' id='word_1_128' title='bbox 341 2108 417 2155; x_wconf 89' lang='lat' dir='ltr'>bonus</span> <span class='ocrx_word' id='word_1_129' title='bbox 427 2116 497 2172; x_wconf 79' lang='lat' dir='ltr'>etque</span> <span class='ocrx_word' id='word_1_130' title='bbox 507 2107 568 2157; x_wconf 85' lang='lat' dir='ltr'>fidus</span> 
     </span>
     <span class='ocr_line' id='line_1_32' title="bbox 116 2171 555 2235; baseline 0.002 -14"><span class='ocrx_word' id='word_1_131' title='bbox 116 2174 136 2222; x_wconf 84' lang='lat' dir='ltr'>J</span> <span class='ocrx_word' id='word_1_132' title='bbox 138 2171 201 2220; x_wconf 88' lang='lat' dir='ltr'>udex</span> <span class='ocrx_word' id='word_1_133' title='bbox 211 2172 336 2220; x_wconf 87' lang='lat' dir='ltr'>honestum</span> <span class='ocrx_word' id='word_1_134' title='bbox 346 2171 448 2235; x_wconf 82' lang='lat' dir='ltr'>praetulit</span> <span class='ocrx_word' id='word_1_135' title='bbox 457 2171 520 2234; x_wconf 87' lang='lat' dir='ltr'>utili,</span> <span class='ocrx_word' id='word_1_136' title='bbox 531 2182 555 2222; x_wconf 89' lang='lat' dir='ltr'>et</span> 
     </span>
     <span class='ocr_line' id='line_1_33' title="bbox 117 2235 484 2300; baseline -0.005 -13"><span class='ocrx_word' id='word_1_137' title='bbox 117 2236 211 2300; x_wconf 80' lang='lat' dir='ltr'>Rejeoit</span> <span class='ocrx_word' id='word_1_138' title='bbox 221 2236 269 2284; x_wconf 81' lang='lat' dir='ltr'>alto</span> <span class='ocrx_word' id='word_1_139' title='bbox 279 2235 341 2283; x_wconf 81' lang='lat' dir='ltr'>done</span> <span class='ocrx_word' id='word_1_140' title='bbox 351 2237 484 2284; x_wconf 81' lang='lat' dir='ltr'>nocentium</span> 
     </span>
    </p>

    <p class='ocr_par' dir='ltr' id='par_1_14' title="bbox 95 2301 564 2688">
     <span class='ocr_line' id='line_1_34' title="bbox 151 2301 564 2364; baseline 0.007 -15"><span class='ocrx_word' id='word_1_141' title='bbox 151 2301 239 2361; x_wconf 89' lang='lat' dir='ltr'>Vultu,</span> <span class='ocrx_word' id='word_1_142' title='bbox 251 2307 275 2348; x_wconf 84' lang='lat' dir='ltr'>et</span> <span class='ocrx_word' id='word_1_143' title='bbox 284 2313 325 2364; x_wconf 77' lang='lat' dir='ltr'>pes</span> <span class='ocrx_word' id='word_1_144' title='bbox 334 2301 452 2349; x_wconf 75' lang='lat' dir='ltr'>obstantes</span> <span class='ocrx_word' id='word_1_145' title='bbox 462 2309 564 2352; x_wconf 69' lang='lat' dir='ltr'>estates</span> 
     </span>
     <span class='ocr_line' id='line_1_35' title="bbox 185 2364 528 2429; baseline 0.003 -16"><span class='ocrx_word' id='word_1_146' title='bbox 185 2365 309 2429; x_wconf 83' lang='lat' dir='ltr'>Explicuit</span> <span class='ocrx_word' id='word_1_147' title='bbox 319 2379 362 2412; x_wconf 76' lang='lat' dir='ltr'>sua</span> <span class='ocrx_word' id='word_1_148' title='bbox 372 2364 445 2412; x_wconf 80' lang='lat' dir='ltr'>victor</span> <span class='ocrx_word' id='word_1_149' title='bbox 455 2381 528 2414; x_wconf 78' lang='lat' dir='ltr'>annu.</span> 
     </span>
     <span class='ocr_line' id='line_1_36' title="bbox 95 2429 555 2493; baseline 0.007 -14"><span class='ocrx_word' id='word_1_150' title='bbox 95 2445 98 2452; x_wconf 87' lang='grc'><strong>’</strong></span> <span class='ocrx_word' id='word_1_151' title='bbox 118 2430 176 2479; x_wconf 88' lang='lat' dir='ltr'>Non</span> <span class='ocrx_word' id='word_1_152' title='bbox 186 2429 344 2493; x_wconf 69' lang='lat' dir='ltr'>possidentem</span> <span class='ocrx_word' id='word_1_153' title='bbox 353 2429 430 2476; x_wconf 77' lang='lat' dir='ltr'>multe</span> <span class='ocrx_word' id='word_1_154' title='bbox 439 2433 555 2482; x_wconf 71' lang='lat' dir='ltr'>vocaveris</span> 
     </span>
     <span class='ocr_line' id='line_1_37' title="bbox 119 2493 524 2559; baseline -0.005 -15"><span class='ocrx_word' id='word_1_155' title='bbox 119 2495 195 2544; x_wconf 83' lang='lat' dir='ltr'>Recte</span> <span class='ocrx_word' id='word_1_156' title='bbox 204 2495 316 2549; x_wconf 70' lang='lat' dir='ltr'>bestumt</span> <span class='ocrx_word' id='word_1_157' title='bbox 332 2493 416 2542; x_wconf 81' lang='lat' dir='ltr'>rectius</span> <span class='ocrx_word' id='word_1_158' title='bbox 426 2503 524 2559; x_wconf 82' lang='lat' dir='ltr'>occupet</span> 
     </span>
     <span class='ocr_line' id='line_1_38' title="bbox 153 2556 503 2622; baseline 0.006 -15"><span class='ocrx_word' id='word_1_159' title='bbox 153 2559 249 2608; x_wconf 89' lang='lat' dir='ltr'>Nomen</span> <span class='ocrx_word' id='word_1_160' title='bbox 260 2557 331 2618; x_wconf 80' lang='lat' dir='ltr'>besti,</span> <span class='ocrx_word' id='word_1_161' title='bbox 342 2556 503 2622; x_wconf 80' lang='lat' dir='ltr'>qui&#39;Deorum</span> 
     </span>
     <span class='ocr_line' id='line_1_39' title="bbox 186 2621 507 2688; baseline 0 -16"><span class='ocrx_word' id='word_1_162' title='bbox 186 2621 329 2672; x_wconf 78' lang='lat' dir='ltr'>Muneribus</span> <span class='ocrx_word' id='word_1_163' title='bbox 339 2621 453 2686; x_wconf 75' lang='lat' dir='ltr'>sepientes</span> <span class='ocrx_word' id='word_1_164' title='bbox 462 2623 507 2688; x_wconf 89' lang='lat' dir='ltr'>uti,</span> 
     </span>
    </p>
   </div>
   <div class='ocr_carea' id='block_1_3' title="bbox 0 0 927 2926">
    <p class='ocr_par' dir='ltr' id='par_1_15' title="bbox 0 0 927 2926">
     <span class='ocr_line' id='line_1_40' title="bbox 0 0 927 2926; baseline 0 0"><span class='ocrx_word' id='word_1_165' title='bbox 0 0 927 2926; x_wconf 95' lang='lat' dir='ltr'> </span> 
     </span>
    </p>
   </div>
  </div>
 </body>
</html>
