1864 2928
386 141 556 198 ODAEml'l·
634 179 637 182 -
730 157 732 160 '

124 245 229 320 'modes
240 272 327 336 egregii
319 271 434 321 'Gesoris
445 281 468 320 et
478 280 531 320 tuas

117 382 120 386 ,
233 335 311 400 Culpa
321 335 439 384 deterere
431 339 519 400 ingeni

78 409 80 414 '
135 398 198 460 Quis
210 400 313 448 Martem
324 401 403 448 tonici
414 409 500 449 tectum
512 397 662 449 adamantina

134 463 215 527 Digne
225 465 360 528 scripserit?
372 474 413 513 out
422 465 517 529 pulvere
529 467 614 514 Troico

135 529 239 592 Nigrum
251 531 392 578 Merionen?
382 536 445 581 lout
456 545 500 592 ope
509 530 612 578 Patrius
779 527 809 574 io

235 594 344 658 Tydiden
355 595 449 658 Superis
460 598 560 658 parem?
614 601 617 612 '
692 589 697 602 '

135 657 188 706 Nos
199 659 311 735 convivia,
324 673 366 706 nos
376 659 488 722 proelie'
467 661 593 734 virginum,

136 723 226 770 Sectis
220 739 244 770 iri
253 725 350 784 juvenes
360 724 478 786 unguibus
489 723 586 784 aerium,

137 787 268 836 Cantemus
279 787 355 845 vacui,
367 789 415 835 sive
426 787 482 850 quid
493 789 592 848 urimur,

236 853 292 902 Non
302 861 385 915 preter
395 853 488 900 solitum
498 853 568 900 leves.
779 852 811 898 20
837 862 839 868 ’

396 1043 468 1092 ODE
485 1043 546 1093 vii.

166 1171 170 1177 ’
220 1172 261 1220 Ao
273 1173 416 1220 Munatium
427 1175 557 1263 Plancum,
570 1175 724 1221 consularem.

138 1298 282 1348 laudabunt
295 1301 336 1349 olii
346 1302 433 1350 eluiem
445 1302 556 1360 Rhodon,
567 1310 609 1350 aut
619 1301 761 1366 Mitylenen,

170 1365 223 1412 Aut
233 1365 352 1429 Epheson,
364 1367 459 1414 bimaris
449 1383 488 1415 ve
499 1336 605 1415 Corinthi

138 1427 237 1489 Moenin,
250 1431 287 1478 vel
297 1431 391 1479 Boooho
401 1433 496 1480 Thebes
506 1432 543 1480 vel
553 1430 667 1494 Apolline
677 1409 783 1494 Delphos

171 1495 287 1558 Insignes,
298 1504 339 1542 eut
349 1495 462 1544 Thessala
473 1497 601 1572 Tempe.

138 1557 208 1617 Sunt,
215 1560 300 1622 quibus
311 1575 386 1606 unum
397 1576 456 1623 opus
464 1569 506 1620 est,
515 1561 607 1608 inrecte
615 1558 719 1607 Palladis
729 1560 810 1607 urbem

172 1623 281 1671 Carmine
291 1633 402 1688 perpetuo
413 1625 535 1684 celebrare,
547 1633 570 1673 et
795 1625 811 1670 6

138 1687 252 1752 Undique
262 1689 393 1752 decerptam
404 1689 474 1738 fronti
485 1704 618 1753 praeponere
628 1689 730 1737 olivam·

172 1753 320 1813 Plurimus,'
313 1768 339 1800 in
350 1755 368 1802 J
370 1769 454 1802 unonis
465 1753 585 1813 honorem,

138 1817 233 1880 Aptum
244 1817 304 1866 dieet
313 1818 379 1882 equis
389 1819 475 1881 Argos,
487 1819 592 1882 ditesque
603 1818 723 1882 Mycenes.

173 1882 217 1930 Me
227 1897 270 1930 neo
280 1891 329 1930 tam
340 1883 430 1946 patiens
441 1883 604 1943 Lacedaemon‚
781 1883 812 1930 lo
916 1934 920 1940 ,

139 1945 191 1994 Neo
202 1955 251 1994 urm
261 1946 360 1994 Larissae
371 1948 481 2010 percussit
491 1963 588 2012 campus
599 1947 692 2011 opime,

173 2011 253 2070 Quom
263 2012 347 2059 domus
355 2012 472 2061 Albuneae
482 2013 650 2071 resonantis·

139 2075 175 2124 Et
184 2091 284 2139 piaeoeps
294 2076 368 2137 Anio,
381 2093 407 2124 ae
419 2076 520 2126 Tiburni
530 2078 606 2136 lucris,
618 2085 642 2125 et
652 2075 700 2124 ude

173 2140 303 2189 Mobilibus
313 2142 418 2204 pomeria
427 2141 488 2189 rivis.

140 2270 220 2322 Albus
230 2279 258 2318 ut
268 2273 366 2320 obscuro
376 2271 478 2335 deterget
488 2271 570 2320 nubile
580 2272 636 2320 coelo
783 2273 812 2330 15

174 2335 241 2398 Saepe
252 2337 338 2412 Notus,
350 2351 425 2400 neque
434 2337 534 2400 parturit
543 2337 629 2384 imbres

141 2399 285 2462 Perpetuoe3
304 2401 337 2448 sio
347 2409 373 2448 tu
384 2401 474 2464 sepiens
485 2401 551 2450 finire
561 2409 679 2450 memento

175 2464 305 2512 Tristitiem
317 2465 416 2529 vitiisque
426 2465 516 2514 labores

138 2525 223 2588 Molli,
235 2530 330 2589 Plance,
341 2545 417 2586 mero;
435 2545 476 2578 seu
486 2539 510 2578 te
520 2529 663 2606 fulgentia
644 2529 717 2594 signis

175 2593 354 2652 omnitenens
366 2595 489 2644 seudense
499 2595 586 2644 tenebit
780 2595 813 2642 20

142 2659 239 2708 Tiburis
250 2662 334 2709 umbro
344 2660 386 2708 tui.
404 2659 497 2710 Teucer
507 2660 627 2710 Salamine
637 2666 775 2723 putremque
