1842 2920
301 99 495 152 EPISTOLAE.
511 100 534 149 1.
551 99 589 148 ln
733 98 782 155 2⁰7

107 230 300 296 Frangendus
307 245 394 295 equusr
406 229 562 290 Quctendis?
573 227 784 279 nonmihiGumas

106 296 154 345 Est
163 297 207 345 iter
216 305 258 344 eut
268 296 347 354 Baias,
358 293 418 344 laevi
427 295 584 344 stomaohosus
594 294 686 343 hebeni
752 293 782 340 12

108 360 180 409 Dicet
191 376 276 425 eques:
294 360 334 410 sed
344 359 398 423 equi
408 359 497 408 frenato
508 367 542 408 est
552 359 614 408 auris
624 359 648 406 in
659 357 711 420 ore)

109 424 191 487 Major
201 435 281 473 utrum
292 425 406 488 populum
416 423 527 472 frumenti
537 425 604 488 copia
614 433 709 486 pascat3

109 489 254 538 Colleetosne
263 489 343 536 bibant
352 489 446 549 imbres,
489 497 566 537 teosue
575 503 685 553 perennes
753 487 783 534 15

109 553 182 617 iugis
193 570 275 618 equae3
294 557 360 607 (narn
371 553 425 600 vina
435 555 457 600 n'
477 554 482 564 '
503 569 580 601 moror
591 553 654 600 illius
665 568 729 601 oret

110 619 178 667 Rure
188 634 241 666 meo
251 633 346 682 possum
356 617 449 681 quidvis
459 618 559 682 perferre
568 617 678 681 patique3

111 682 155 730 Ad
165 699 229 732 mere
239 698 293 730 cum
303 682 366 741 veni,
376 697 513 746 generosum
524 691 547 730 et
557 683 609 731 lene
619 682 719 745 requiro,

112 746 185 807 Quod
196 763 261 796 cures
271 747 357 810 abiget,
369 747 432 811 quod
443 763 496 795 curn
507 763 548 810 spe
557 747 628 794 divite
637 755 717 794 menet
750 745 781 794 19

112 812 144 859 In
156 827 224 860 venas
235 811 387 876 animumque
397 827 486 873 meum,
498 811 560 874 quod
570 813 639 860 verbs
648 811 773 870 ministret,

112 875 186 935 Quod
196 892 235 923 me
242 877 345 924 Lucane
352 878 463 937 juvenem
473 876 619 931 commendet
629 875 722 937 emicse)

113 941 215 992 Tractus
224 951 276 988 uter
287 941 367 1004 plures
374 940 471 1003 lepores,
482 951 533 989 uter
543 941 625 989 educet
635 955 719 1004 epros5

111 1006 174 1054 Utre
184 1006 258 1068 magis
268 1005 340 1071 pisces
351 1013 374 1052 et
384 1005 476 1054 echinos
487 1021 580 1070 aequora
589 1005 681 1062 celent3

112 1070 213 1133 Pinguis
223 1079 250 1118 nt
260 1069 315 1117 inde
325 1069 422 1117 domum
432 1071 519 1134 possim
531 1071 666 1134 Phaeaxque
675 1067 774 1128 necorde

111 1135 217 1185 Scribere
227 1143 250 1183 te
260 1133 335 1196 nobis,
347 1135 389 1182 tibi
399 1149 441 1183 nos
448 1135 573 1196 accredere,
584 1151 627 1198 per
637 1143 681 1184 est.
753 1133 786 1180 25

111 1199 226 1260 Maenius,
237 1207 273 1260 nt,
284 1201 353 1247 rebus
363 1200 472 1247 maternis
483 1209 553 1264 etque
562 1201 664 1263 paternis

110 1264 212 1314 Fortiter
222 1264 344 1324 absumtis,
355 1266 458 1312 urbanus
468 1265 537 1326 erepit
545 1264 635 1325 heberi,

111 1331 199 1378 Scurra
209 1345 289 1392 vagus,
300 1343 347 1376 nou
358 1328 400 1393 qui
410 1338 498 1376 certum
509 1343 612 1392 praesepe
625 1335 721 1389 teneret,

113 1394 254 1457 Imprcnsus
265 1408 312 1441 uon
323 1393 365 1457 qui
372 1393 446 1441 civem
457 1394 599 1457 dignosceret
609 1393 689 1450 hoste3
780 1399 786 1403 “

114 1458 234 1518 Quaelibet
243 1459 269 1506 in
280 1458 386 1522 quemvis
396 1459 519 1522 opprobrie
528 1457 614 1521 fingere
624 1473 714 1515 saevus3
754 1456 787 1504 8⁰

111 1523 232 1572 Pernicies
243 1531 266 1570 et
276 1531 400 1586 tempestas
410 1523 591 1586 barathmmque
600 1523 700 1584 macelli,

114 1587 240 1650 Quidquid
250 1587 380 1652 quesierat,
391 1589 466 1635 ventri
476 1588 577 1636 donabat
587 1603 664 1637 avaro.

115 1653 174 1711 Hie,
184 1652 225 1700 ubi
236 1651 345 1716 nequitiae
355 1651 483 1701 fautoribus
493 1661 517 1702 et
527 1652 615 1700 cirnidis
625 1652 659 1700 nil

114 1719 170 1766 Aut
180 1717 278 1780 paulum
289 1717 422 1776 abstulerat,
433 1718 524 1781 patinas
533 1720 638 1765 coenebat
647 1716 729 1778 omasi,

115 1782 181 1831 Vilis
191 1790 215 1829 et
225 1782 325 1845 agninae,
336 1781 410 1828 tribus
420 1783 478 1830 ursn'e
489 1781 552 1893 quod
563 1783 617 1829 satis
628 1789 701 1840 esset3
728 1841 730 1846 Α
756 1779 789 1826 35

115 1847 210 1895 Scilicet
220 1857 248 1894 ut
258 1855 347 1894 ventres
357 1845 437 1894 lemni
447 1862 489 1894 can
506 1854 558 1896 ente
568 1855 681 1909 nepotum

115 1911 213 1960 Diceret
222 1910 322 1960 urendos
332 1919 441 1960 corrector
451 1912 552 1959 Bestius.
568 1911 636 1959 Idem

118 1975 244 2039 Quidquid
254 1984 304 2023 erat
313 1983 395 2023 nactus
405 1976 489 2038 prada
498 1975 602 2037 majoris,
613 1975 655 2024 ubi
664 1988 735 2022 omne

116 2041 226 2089 Verterat
235 2041 261 2087 in
271 2040 365 2088 fumum
373 2049 396 2088 et
402 2040 511 2103 cinerem,
520 2042 543 2089 N
546 2055 576 2088 on
586 2037 700 2105 (hernrle)
709 2038 790 2098 muer,

91 2122 95 2128 ·
116 2105 215 2165 Aiebat,
228 2105 247 2152 si
258 2105 299 2168 qui
310 2105 433 2152 comedunt
443 2107 519 2165 bone;
537 2121 590 2154 eum
601 2106 632 2154 sit
641 2108 710 2154 obeso
758 2103 791 2150 40

115 2170 163 2218 Nil
172 2169 256 2217 melius
266 2169 343 2229 turdo,
352 2171 386 2217 nil
397 2171 468 2218 vulve
477 2171 597 2235 pulchrius
608 2169 699 2233 ampli.

118 2235 243 2283 Nimirum
253 2234 291 2282 hic
302 2250 345 2297 ego
355 2249 425 2291 sumt
443 2250 499 2282 nam
510 2244 562 2284 tuta
571 2244 595 2282 et
605 2234 703 2298 parvula
711 2231 791 2294 laudo,

118 2300 183 2348 Cum
194 2299 357 2360 rendendum,
370 2299 424 2347 satis
434 2299 494 2348 inter
504 2301 560 2349 vilis
570 2299 649 2347 fortiss

116 2365 219 2423 Verum,
230 2364 273 2412 ubi
282 2364 340 2428 quid
349 2363 433 2412 melius
443 2365 556 2428 contingit
566 2373 589 2411 et
599 2363 700 2425 unctius,
707 2363 770 2412 idem

118 2430 171 2480 Vos
182 2445 261 2494 sapere
272 2439 295 2478 et
306 2429 365 2477 solos
376 2429 413 2476 aio
423 2431 482 2477 bene
492 2430 576 2489 vivere,
588 2443 689 2492 quorum
760 2427 793 2474 to

117 2495 267 2559 Conspicitur
277 2494 357 2543 nitidis
366 2493 465 2542 fundata
473 2493 573 2559 pecunie
582 2493 653 2542 villis.
