1828 2926
136 101 182 150 136
357 95 507 148 SATIRAE.
524 97 546 146 1.
564 99 586 146 ⁴.

133 229 211 290 (Nem
221 227 267 276 suit
276 227 321 276 hcc
330 225 442 284 vitiosuse
460 227 485 274 in
495 226 553 275 hori
562 241 624 290 sape
634 225 763 289 dumos,
830 229 832 234 ·
908 243 909 250 ,

92 321 100 331 ”
134 293 169 342 Ui
179 307 301 356 mgnum,
313 307 392 346 mus
402 291 504 340 dictabat
514 300 577 339 stans
587 289 647 354 pede
657 289 682 338 in
693 305 764 339 uno:
787 291 820 338 lli
908 291 909 296 ’

133 357 195 406 Cum
207 357 288 405 flueret
297 355 435 415 luculentus,
447 365 495 404 erat
505 355 568 420 quod
578 355 659 403 tollere
668 354 755 417 velles)

134 421 258 480 Gsrrulus,
269 430 338 486 etque
348 420 414 484 piger
424 420 536 469 scribendi
546 420 605 467 ferre
615 420 734 476 laborem3

133 486 254 534 scribendi
264 495 336 534 recte:
354 499 419 544 nam,
428 494 455 532 ut
465 485 576 543 multum,
588 484 623 531 nil
633 499 718 531 moror.
734 484 818 545 Ecce,

133 551 255 616 Crispinus
265 550 363 598 minimo
373 565 412 596 me
421 557 538 614 provocat.
555 549 579 610 ql
588 549 685 612 Accipe,
698 548 718 596 si
728 548 781 610 vis,

133 615 257 680 Accipiam
268 614 374 670 tabulas3
391 613 459 662 detur
470 615 536 662 nobis
545 613 619 673 locus,
630 613 696 673 hors,
784 613 818 662 15

135 679 265 736 Custodem
282 679 411 739 videamus,
423 688 475 726 uter
485 679 539 742 plus
550 677 648 726 scribere
658 675 739 740 possit.
762 721 765 728 .

134 745 159 806 ‘J
166 744 200 792 nt
210 744 390 801 benefecerunt,
401 743 476 806 inopis
485 759 524 790 me
534 741 643 806 quodque
653 741 733 806 pusilli

133 810 264 857 Finxemnt
274 808 355 866 animi,
366 823 417 855 raro
428 817 451 855 et
460 822 576 870 perpauoe
585 806 717 870 loquentiss

132 876 169 921 At
180 883 206 920 tu
217 874 334 922 conclusas
343 872 437 920 hircinis
447 871 542 920 follibus
553 887 630 932 ouras,

133 939 215 1002 Usque
225 939 355 986 laborantes
365 937 422 984 dum
433 935 520 984 ferrum
531 935 621 984 molliet
630 935 701 1000 ignis,
779 938 815 986 20

133 1001 168 1050 Ut
179 1003 262 1061 mavis,
273 1002 370 1050 imitare.
397 1002 486 1049 Beatus
496 1001 610 1061 Fannius,
621 1000 683 1049 ultro

133 1065 223 1114 Delatis
234 1066 308 1128 ospsis
318 1075 342 1114 et
351 1066 468 1128 imagine3
485 1081 539 1113 cum
550 1079 603 1112 mee
613 1079 682 1114 nemo

132 1130 223 1194 Scripta
232 1131 303 1194 legat,
315 1131 386 1193 vulgo
397 1130 490 1178 recitare
501 1129 611 1190 timentis,
622 1132 653 1177 ob
663 1131 724 1179 hanc
733 1146 799 1193 rem,

134 1193 207 1255 Quod
220 1204 282 1254 sunt,
299 1210 358 1260 quos
367 1209 441 1258 genus
457 1194 501 1241 hoc
517 1193 615 1242 minime
630 1195 706 1259 juvat,
724 1205 812 1260 utpote

273 1276 309 1308 res

257 1277 273 1308 u

134 1261 330 1389 Culpanpdignoe.
358 1324 472 1383 Quemvis
481 1323 559 1372 medii
569 1323 628 1390 elige
639 1326 722 1386 turbia;
776 1327 810 1373 25

132 1391 186 1438 Aut
197 1392 227 1438 ob
237 1389 365 1449 eventium,
377 1398 418 1436 aut
428 1389 512 1436 miseria
522 1388 648 1438 ambitione
657 1389 753 1438 laborat.

133 1454 181 1502 Hic
191 1463 317 1518 nuptorum
327 1453 412 1500 insanit
423 1453 547 1515 amoribus,
559 1453 598 1501 hic
607 1470 749 1518 puerorum

133 1518 206 1566 Hunc
216 1519 279 1581 capit
288 1517 378 1582 argenti
388 1517 510 1582 splendor;
528 1527 606 1581 stupet
617 1519 704 1568 Albius
715 1534 779 1578 πως

132 1581 180 1630 Hic
190 1591 266 1630 mutat
276 1599 362 1631 merces
372 1591 480 1646 surgente
490 1598 505 1630 s
515 1583 571 1643 sole,
583 1583 613 1630 ed
624 1600 678 1632 eum
689 1600 737 1648 quo

133 1645 271 1710 vespertina
281 1655 344 1711 tepet
353 1647 431 1710 regio3
450 1646 507 1710 quin
517 1663 559 1710 per
569 1649 632 1696 mala
642 1664 744 1712 proeceps
773 1650 808 1698 30

48 1749 51 1758 .
132 1709 225 1772 Fertur,
236 1711 272 1758 uti
282 1713 359 1775 pulvis
369 1712 477 1760 rollenus
488 1712 588 1772 turbine,
600 1712 699 1776 nequid

132 1776 231 1824 Summi
242 1776 359 1841 deperdat,
370 1785 483 1836 metuens,
495 1784 536 1824 aut
546 1777 643 1838 ampliet
653 1786 681 1824 ut
691 1793 748 1828 rem.

131 1841 222 1889 Omnes
232 1842 258 1888 hi
269 1849 376 1889 metuunt
386 1856 473 1899 versus,
484 1841 553 1888 odere
563 1846 649 1904 poetas

130 1905 155 1967 ql
163 1905 263 1982 Foenurn
279 1905 349 1954 hebet
363 1905 389 1954 in
400 1919 486 1960 oomu3
504 1905 573 1968 longe
588 1904 659 1969 fuge:
677 1905 809 1958 dummodo

228 1985 301 2018 nsum

130 2033 243 2082 Excutiet
253 2034 305 2095 sibi,
316 2050 364 2083 non
373 2035 412 2084 hic
422 2035 532 2099 cuiquam
542 2043 619 2097 parcet
628 2035 720 2084 emico:
771 2038 806 2086 35

130 2097 172 2157 Et,
184 2098 347 2172 quodcumque
357 2101 429 2148 semel
439 2099 523 2147 chartis
532 2099 638 2158 illeverit,
650 2115 733 2148 omnes

131 2161 221 2210 Gestset
230 2178 245 2209 a
254 2163 324 2209 furno
334 2164 454 2212 redeuntes
464 2163 522 2216 scine
531 2164 638 2226 lacuque,

130 2225 164 2270 Et
174 2241 257 2287 pueros
264 2235 287 2272 et
297 2241 361 2274 onus.
375 2227 400 2288 ῚῙ
407 2227 526 2290 Agedum,
537 2243 612 2290 pauca
622 2228 700 2291 accipe
710 2238 805 2280 conhss

130 2287 248 2346 Primum,
253 2303 295 2349 ogo
303 2305 341 2336 me
349 2291 452 2350 illorum,
456 2291 559 2338 dederim
566 2291 806 2356 quibusessepoitas,

130 2349 262 2412 Excerpam
273 2365 384 2400 numeror
402 2369 477 2417 neque
488 2355 552 2401 enim
562 2355 699 2404 concludere
709 2373 807 2406 versum

129 2411 224 2462 Dixeris
232 2428 280 2460 esse
288 2416 355 2471 satis;
368 2431 452 2480 neque,
461 2418 541 2481 siquis
549 2419 641 2477 scribat,
650 2420 686 2466 uti
697 2435 750 2482 nos,
771 2422 809 2476 41,

129 2473 235 2546 Sennoni
245 2477 359 2538 propiora,
370 2490 438 2541 putes
448 2481 511 2529 huno
521 2497 570 2530 esse
579 2483 681 2544 poetam.

123 2535 256 2608 [Ingenuum
266 2539 304 2584 cui
314 2540 351 2597 sit,
362 2543 401 2589 cui
411 2558 476 2592 meus
487 2545 594 2605 divinior,
606 2555 677 2609 atque
687 2563 714 2596 os

129 2599 220 2662 Magus
230 2609 373 2665 conaturum,
384 2605 425 2654 des
435 2607 536 2656 nominis
545 2608 617 2670 hujus
627 2609 751 2666 honorem,
