1864 2928
374 155 465 206 ODAE.
483 155 505 232 ΙΙ.
526 157 562 204 19.
589 157 595 167 “
774 155 804 210 Π

656 249 665 272 l

128 287 242 350 Suspecta
253 287 351 350 Cyrum,
363 300 393 334 ne
403 285 466 333 male
476 285 561 349 dispari
770 287 803 332 25

122 351 303 399 'Incontinentcs
313 350 401 412 injiciat
411 365 503 408 manus,

162 417 197 465 Et
208 416 297 463 scindat
307 415 431 464 herentem
443 430 552 462 coronam

192 480 312 540 Crinibus,
323 480 509 544 immeritamque
519 487 614 528 vectem.

367 670 440 720 ODE
456 670 558 719 XVIII.
618 679 621 684 '

387 797 429 844 Ad
443 795 541 844 Varum.

129 907 239 969 Nullam,
251 909 323 968 Vere,
335 909 399 958 sacri
409 909 456 957 vite
465 909 530 973 prius
541 909 623 958 severis
634 910 738 958 arborem

130 973 197 1022 Circa
207 973 265 1021 mite
273 974 349 1021 solum
362 974 467 1034 Tiburis,
477 983 501 1022 et
511 975 597 1022 moenie
608 973 685 1022 Catili.

129 1037 201 1085 Siccis
211 1037 291 1085 omnia
301 1053 356 1086 nam
367 1039 426 1086 dure
436 1039 503 1086 Deus
514 1039 649 1102 proposuit3
667 1053 743 1102 neque

128 1101 254 1150 Mordacee
265 1103 331 1151 aliter
341 1103 469 1166 diffugiunt
479 1103 651 1151 sollicitudines.

128 1165 200 1225 Quis,
215 1175 268 1230 post
285 1167 347 1278 niqra,
365 1183 459 1231 gravem
476 1168 585 1216 militiam
606 1177 647 1230 eut
668 1167 802 1232 pauperiem

227 1244 264 1278 cre
295 1235 325 1279 t'
352 1264 353 1267 κ
737 1261 739 1264 -
787 1235 803 1280 5

128 1294 191 1354 Quis
207 1248 295 1409 nqqli
312 1297 397 1360 potius,
417 1297 510 1347 Bacche
530 1307 604 1362 peter,
626 1307 703 1362 teque,
721 1297 803 1346 decens

253 1365 329 1410 enus?

128 1425 175 1484 At,
186 1426 280 1490 nequis
291 1426 376 1474 modici
386 1429 498 1476 mansilim
507 1441 604 1476 munera
616 1427 704 1486 Liberi,

129 1489 262 1538 Centaurea
272 1502 351 1542 monet
361 1506 415 1540 cum
426 1493 463 1540 Lu
480 1492 534 1540 itbis
545 1491 596 1539 rixa
607 1507 676 1556 super
685 1506 751 1540 mero

128 1555 267 1614 Debellate3
285 1565 365 1603 monet
375 1557 441 1608 sidio
460 1559 465 1568 '
475 1574 486 1605 s
496 1571 543 1605 non
553 1555 610 1604 levis
620 1556 697 1604 Euius
703 1575 712 1615 3

128 1619 194 1666 Cum
205 1620 240 1668 fas
251 1629 322 1684 atque
333 1619 397 1668 nefas
408 1623 492 1684 exiguo
502 1622 549 1672 fine
558 1621 683 1670 libidinum
710 1647 712 1653 s
772 1623 802 1671 10

128 1683 273 1732 Discerount
282 1684 351 1732 avidi.
379 1685 436 1734 Non
447 1701 490 1750 ego
500 1695 532 1744 te,
543 1685 640 1734 candide
650 1687 776 1748 Bassareu„

128 1749 237 1796 Invitum
248 1749 367 1812 quatiam
385 1764 427 1798 nec
437 1751 505 1800 variis
516 1751 591 1803 obsita
600 1750 721 1800 frondibus
773 1779 775 1784 ,

127 1813 180 1861 Sub
191 1813 272 1862 divum
283 1815 388 1878 rapiam:
405 1831 466 1864 saeva
476 1823 528 1864 tene
538 1831 593 1866 cum
604 1816 742 1878 Berecyntio

126 1876 208 1925 Cornu
219 1887 339 1942 tympana,
352 1895 404 1941 quae
415 1881 563 1944 subsequitur
573 1896 646 1928 cecus
656 1881 734 1929 Amor
744 1880 790 1942 sui,

126 1940 162 1989 Et
171 1943 255 1991 tollens
265 1958 365 1992 vacuum
375 1944 429 2006 plus
440 1945 512 1994 nimio
524 1945 605 1994 Gloria
615 1945 731 2007 verticem,
770 1947 801 1994 lo

125 2007 263 2072 &mique
272 2006 343 2056 Fides
353 2009 459 2074 prodiga,
469 2010 608 2074 perlucidior
619 2009 685 2060 vitro

380 2217 451 2266 ons
469 2219 543 2267 xlx.
688 2195 693 2208 ’

366 2351 554 2412 Adonem.

127 2475 205 2524 Mater
216 2493 277 2527 sceva
288 2479 441 2542 Cupidinum,

161 2541 328 2608 Thebanaque
336 2547 402 2606 jubet
412 2559 452 2594 me
462 2546 563 2602 Semeles
573 2562 640 2612 puer,

128 2603 161 2653 Et
170 2607 255 2656 lesciva
265 2609 366 2670 licentis,
401 2640 404 2643 -

157 2671 240 2722 Finitis
250 2674 358 2723 numum
367 2675 463 2726 reddere
473 2676 596 2725 amoribus.
652 2740 667 2785 3

625 2753 639 2786 c
