1828 2926
332 162 479 218 sumum.
497 165 518 214 1.
536 168 558 214 2.
737 163 785 220 122

92 291 567 358 ¹Nonunquumservomeliusuestiret3
584 293 720 358 adusque·
747 293 781 348 97

103 359 247 422 supremum
258 367 358 421 tempus,
369 373 400 406 ne
410 375 434 406 se
444 359 541 422 penurie
551 359 624 408 victus

105 423 266 485 Opprimeret,
277 425 402 472 metuebat.
419 423 455 471 At
465 424 528 472 hunc
538 425 621 474 liberta
631 421 706 472 securi

104 485 194 544 Divisit
204 487 318 546 medium,
331 487 456 536 fortissimo
467 489 663 552 Tyndaridarum.
732 487 780 534 loo

106 556 129 608 qt
137 551 204 610 Quid
212 551 247 599 mi
257 551 328 614 igitur
338 551 438 600 euodes?
450 561 477 600 ut
484 553 562 602 vium
569 552 683 602 Novius?
695 559 736 600 aut
746 549 779 600 sic

58 637 62 644 ¹
103 615 141 664 Ut
151 617 333 674 Nomentanus?
342 622 374 674 Δ11
380 617 461 680 Pergis
471 618 600 681 pugnantia
610 631 689 664 secum

102 680 231 728 Frontibus
241 680 341 730 adverus
350 697 487 745 componere
496 685 507 730 t
525 683 550 730 N
551 697 582 730 on
592 698 643 746 ego,
655 695 751 729 uvarum

104 744 169 793 Gum
180 753 232 794 ueto
240 753 263 792 te
273 745 330 806 fieri,
339 761 368 794 va
449 747 521 808 jubeo
531 763 559 796 oc
568 747 716 796 nebulonem.

103 809 152 858 Est
161 809 222 857 inter
230 810 332 858 Tanaim
338 811 380 874 qui
396 809 451 858 dum
462 825 613 876 socerumque
621 809 713 859 Viselli.
731 810 777 858 105

102 873 151 923 Est
161 874 244 923 modus
254 874 279 920 in
289 877 358 924 rebus
365 893 380 936 ς,
390 884 445 924 sunt
454 875 510 924 certi
520 875 620 941 denique
629 875 695 934 fines,

102 939 172 998 Quos
182 939 243 986 ultro
253 938 355 1003 citroque
363 939 444 1004 nequit
454 940 574 989 consistere
583 949 680 990 rectum.

103 1003 177 1063 Illuc,
189 1003 251 1050 unde
261 1004 316 1065 abii,
328 1004 411 1064 redoo;
429 1006 531 1065 nemon’,
543 1014 672 1062 uteretur,

102 1069 135 1117 Se
146 1069 246 1132 probet?
263 1076 288 1116 ut
297 1069 375 1133 potius
384 1068 464 1118 laudet
475 1069 563 1118 diverse
573 1068 711 1134 sequentes?

102 1133 222 1196 Quodque
232 1132 308 1180 aliena
317 1134 405 1197 ospello
415 1142 479 1196 geret
490 1133 610 1182 distentius
621 1135 686 1195 uber,
729 1135 776 1182 110

104 1193 238 1244 Tabescut?
255 1212 331 1261 neque
340 1214 364 1246 se
375 1199 458 1260 majori
469 1199 633 1262 pauperiorum

88 1292 89 1295 =
104 1262 193 1312 Turbo
200 1262 331 1325 comparet?
342 1263 405 1310 hunc
410 1271 481 1326 etque
488 1263 552 1311 huno
559 1277 665 1326 superare
672 1261 775 1312 laboret?

102 1321 142 1375 Sic
152 1325 270 1374 festinanti
280 1343 371 1392 semper
380 1326 516 1391 locupletior
525 1330 602 1376 obstet
611 1345 618 1374 r

101 1391 147 1451 Ut,
159 1406 214 1438 oum
224 1392 350 1440 carceribus
359 1391 441 1439 missos
451 1393 512 1456 repit
522 1392 612 1456 ungula
622 1403 714 1452 currus,⁴

100 1455 178 1503 Instat
189 1455 254 1519 equis
264 1457 344 1520 oiuiga
355 1456 570 1516 consumentibus,
581 1457 650 1504 illum
728 1455 774 1503 115

100 1519 248 1568 Praeteritum
259 1529 365 1569 temnens
375 1530 490 1569 extremos
500 1522 560 1570 inter
568 1530 669 1570 euntem.

89 1584 163 1632 ,Inde
173 1584 208 1644 fit,
219 1593 247 1632 ut
256 1599 316 1646 roro,
328 1585 371 1650 qui
381 1601 405 1634 se
415 1585 500 1634 vixisse
509 1588 605 1634 beatum

100 1647 182 1708 Dicat,
193 1657 225 1709 et,
236 1659 318 1698 exacto
327 1659 446 1699 contentus
458 1659 560 1714 tempore
571 1651 633 1711 vito,

99 1711 184 1773 Cedat,
196 1713 232 1762 uti
242 1715 337 1763 convive
347 1724 419 1775 satur,
431 1715 530 1778 reperire
540 1731 661 1780 queamus.

97 1778 158 1825 Jsm
169 1777 224 1826 sotis
234 1789 285 1827 cst:
302 1795 332 1828 ne
342 1797 381 1828 me
392 1781 493 1844 Crispini
503 1781 585 1828 scrinia
594 1780 654 1844 lippi
726 1781 781 1827 120,-

98 1841 246 1904 (ompsstsse
255 1852 331 1907 putes,
343 1847 440 1894 verbum
450 1858 498 1892 non
508 1845 610 1910 emplius
621 1843 714 1893 eddom.

345 2035 478 2084 SATIRA
494 2037 531 2084 11.

354 2169 387 2214 In
398 2167 511 2214 Morbos.

94 2292 288 2344 Ambubaiarum
299 2296 404 2359 collegia,
415 2297 608 2362 pbsrmawpoloe,

97 2358 213 2432 Mendipi,
225 2361 312 2418 mimae,
322 2361 461 2422 balatrones,
473 2362 517 2410 hoc
527 2376 600 2426 genus
610 2377 680 2414 omne

96 2423 213 2472 Moestum
224 2441 251 2474 eo
261 2425 389 2474 sollicitum
395 2434 430 2474 est
440 2426 538 2475 cantoris
548 2435 622 2476 morte
634 2428 736 2493 Tigelli3

91 2489 190 2553 Quippe
200 2491 314 2554 benignus
324 2498 380 2539 eret.
403 2491 491 2540 Contra
501 2490 547 2550 hic,
559 2503 589 2539 ne
598 2493 708 2557 prodigus
718 2510 777 2544 esse.

94 2553 203 2616 Dicetur,
215 2565 331 2614 metuens,
341 2555 406 2618 inopi
416 2556 471 2604 dure
481 2555 539 2604 nolit
549 2557 632 2616 surico,
753 2562 779 2608 52

94 2617 182 2682 Frigus
192 2635 240 2684 quo
250 2620 380 2686 duramque
390 2621 477 2670 famem
488 2620 601 2684 depellere
611 2623 690 2685 possit

93 2683 168 2736 Hunc
178 2683 356 2750 operuistis,
368 2685 405 2736 avi
415 2701 456 2735 cur
467 2694 537 2750 utque
547 2686 652 2750 putentis
688 2747 695 2754 .
