1842 2920
160 79 207 129 190
356 75 547 128 EPISTOLAE.
565 77 586 125 Ι.
602 79 630 125 2·

159 208 227 256 Trite
237 209 316 256 subest
326 207 419 267 tunice,
431 207 468 256 vel
479 207 499 254 si
509 215 564 271 toga
574 201 670 254 dissidet
678 205 766 270 imper,
797 203 828 259 96

157 272 247 322 Ridere
265 273 331 337 quid,
342 287 395 320 mee
405 287 459 320 eum
469 281 560 336 pugnet
570 272 683 320 sententie
693 285 790 328 seeum
894 293 895 296 ¹

157 337 229 396 Quod
239 338 314 401 petiit,
326 337 428 401 spemit3
445 337 535 400 repetit,
546 337 611 400 quod
621 351 696 399 nuper
707 335 800 392 omisit3

156 403 260 462 AEsuret,
272 413 295 450 et
305 403 359 450 vite
369 402 512 450 disconvenit
522 401 602 448 ordine
613 409 677 458 toto;

156 465 245 526 Dimit,
257 467 362 527 edificat,
374 475 451 514 mutat
461 465 574 530 quadrata
583 465 708 514 rotundis?
739 501 741 506 .
782 466 826 513 1⁰0

156 531 262 581 lusanire
273 541 340 596 putes
351 531 463 578 sollennia
473 545 520 590 me,
532 545 607 594 neque
617 531 686 591 rides,

156 595 208 643 Nec
219 597 302 645 medici
313 595 394 654 credis,
405 610 447 643 nec
458 596 567 643 cursoris
578 611 644 658 egere

155 661 180 708 A
192 671 289 724 pretore
299 661 363 716 deti3
381 675 459 708 rerum
470 661 543 708 tutele
553 675 658 714 meorum

156 725 219 773 Cum
229 726 269 782 sis,
281 735 304 774 et
313 741 384 788 prave
394 733 482 772 sectum
493 724 639 772 stomacheris
650 726 680 773 ob
691 740 796 789 unguem

155 789 194 838 De
206 799 228 838 te
236 790 365 854 pendentis,
377 798 400 836 te
410 789 550 852 respicientis
561 789 636 840 erniei·
782 790 825 838 luo

154 854 197 902 Ad
208 866 333 914 summam,
345 854 436 917 sapiens
447 869 494 901 uno
504 855 580 902 minor
590 863 625 902 eet
634 855 705 915 Jove,
717 854 790 916 dives,

155 917 235 979 Liber,
247 919 380 978 honoratus,
392 919 495 980 pulcher,
507 935 547 966 rex
559 919 659 982 denique
669 933 768 982 regum

155 983 275 1047 Preoipue
285 999 362 1046 senus,
374 983 420 1030 nisi
430 997 484 1032 cum
494 983 579 1046 pituita
588 983 685 1032 molesta
695 993 738 1032 est.

372 1168 548 1218 EPISTOLA
564 1169 602 1217 ΙΙ.

404 1298 446 1346 Aa
457 1301 571 1348 Lollium.

155 1425 253 1488 'l'rojsni
262 1427 319 1476 belli
329 1429 470 1492 scriptorem,
482 1429 585 1476 maxime
595 1426 667 1493 Lolli,

154 1489 220 1538 Dum
232 1501 258 1539 tu
268 1493 383 1541 dedemus
394 1495 486 1554 Rome,
498 1494 614 1541 Praeneste
624 1491 710 1556 relegi3

153 1553 211 1614 Qui,
221 1556 278 1620 quid
287 1558 316 1605 sit
326 1559 459 1622 pulchrum,
471 1559 528 1622 quid
538 1567 613 1622 turpe,
622 1557 680 1620 quid
690 1555 760 1617 utile,
769 1555 825 1620 quid

250 1635 306 1682 non,

152 1682 249 1732 Planius
260 1703 287 1734 eo
296 1688 380 1736 melius
391 1689 522 1752 Chrysippo
532 1695 555 1736 et
566 1687 678 1736 Crantore
688 1685 753 1734 dieit-

152 1747 202 1796 Cur
212 1749 244 1798 ite
254 1753 397 1807 crediderim,
408 1755 452 1800 nisi
462 1753 520 1817 quid
530 1761 553 1800 te
563 1752 658 1810 detinet,
670 1751 734 1798 audi.
808 1750 823 1795 fi

151 1811 251 1874 Fabula,
264 1818 312 1881 qui
323 1817 413 1866 Paridis
423 1829 516 1882 propter
525 1825 630 1864 narretur
640 1829 745 1863 amorem

152 1877 242 1927 Grecis
252 1882 370 1930 Barbarie
379 1883 443 1930 lento
453 1883 531 1930 collisa
541 1882 627 1941 duello,
642 1922 644 1927 .

151 1941 282 1992 Stultorum
292 1962 373 2008 regum
385 1956 408 1994 et
417 1948 556 2011 populorum
566 1946 667 1993 eontinet
677 1952 758 1992 estus.

150 2005 259 2055 Antenor
269 2020 345 2058 censet
355 2012 410 2058 belli
420 2011 543 2074 precidere
553 2025 661 2059 causante

150 2070 217 2128 Quid
229 2072 313 2121 Paris?
330 2084 358 2122 ut
367 2077 445 2124 salvus
455 2085 542 2140 regnet,
554 2077 662 2139 vivetque
672 2075 765 2130 beatus,
793 2073 822 2125 lu

151 2135 210 2196 Cogi
221 2151 287 2198 posse
297 2149 374 2200 neget.
397 2141 484 2191 Nestor
494 2155 629 2204 componere
638 2139 691 2188 lites

150 2197 216 2244 Inter
227 2201 323 2249 Peliden
333 2203 427 2252 festinet
437 2213 459 2252 et
470 2205 530 2252 inter
539 2205 654 2252 Atridenz

150 2259 223 2308 Hunc
233 2279 306 2322 arnor,
317 2266 352 2312 ire
363 2269 457 2330 quidem
467 2269 620 2317 communiter
628 2268 677 2315 urit
684 2276 822 2332 utrumque·
894 2295 895 2310 t

150 2322 273 2396 Quidquid
283 2329 381 2378 delirent
392 2347 464 2394 reges,
476 2333 609 2396 plectuntur
618 2332 713 2380 Achivi.
894 2349 895 2352 ’

149 2385 274 2462 Seditione‚
286 2392 354 2450 dolis,
365 2395 455 2456 scelere,
468 2407 538 2460 etque
547 2397 651 2458 libidine,
662 2405 687 2444 et
695 2394 741 2457 iri,
791 2396 820 2443 15
894 2459 895 2462 Ἴ

148 2447 233 2496 Ihecot
244 2462 305 2499 intra
314 2469 393 2504 muros
404 2469 520 2520 peccatur,
532 2468 555 2508 et
565 2469 637 2508 extre.

148 2510 248 2571 Rursus,
260 2516 317 2578 quid
328 2519 400 2568 virtus
410 2532 434 2569 et
444 2524 501 2586 quid
511 2524 622 2586 sapientie
631 2524 712 2588 possit,

148 2573 213 2622 Utile
223 2581 341 2640 proposuit
352 2585 418 2632 nobie
428 2588 554 2650 exemplar,
566 2589 691 2652 Ulyssem
