1828 2926
309 153 456 204 SATIRAE.
474 155 512 205 11.
529 157 560 204 3.·
720 159 766 206 163

91 287 228 344 Frustra&
244 284 331 333 insanis
340 293 364 334 et
374 293 409 344 tu,
422 285 533 351 stultique
543 301 615 350 prope
624 276 713 349 omnes,
730 271 772 335 ³2⁸

92 352 119 400 Si
130 348 188 412 quid
198 349 320 398 Stertinius
330 350 377 398 veri
388 360 481 414 orepat3
498 351 561 400 unde
571 367 614 415 ego
624 352 684 400 mira

90 414 210 476 Rescripsi
220 414 299 462 docilis
308 423 422 478 praeoepta
432 415 490 475 hnc,
501 425 604 480 tempore
615 432 662 480 quo
672 432 711 466 me

92 479 264 539 Solams'jussit
274 479 399 542 sapientem
411 495 503 542 pascere
513 483 618 541 barbam,
730 481 776 529 35-

91 549 175 608 Atque
185 559 200 590 a
210 543 316 592 Fabricio
325 557 372 591 non
384 543 472 592 tristem
483 555 553 609 ponte
563 545 652 594 reverti.

92 610 169 666 Nam,
181 608 242 656 male
249 623 277 656 re
285 609 360 670 gesti,
371 623 426 657 oum
436 610 520 658 vellem
530 610 621 658 mittere
630 618 710 674 operto

92 672 222 748 lde-eapite
232 673 363 732 indumen,
374 672 456 721 dexter
465 674 536 734 stetit,
548 681 580 731 et,
592 675 687 736 {Cave
697 673 758 722 faxis

94 738 131 787 Te
144 737 275 812 quidquam
291 737 430 801 indignum
447 739 531 800 pudor,
548 738 634 802 inquit,
649 747 673 786 te
686 739 763 787 malus

190 811 264 865 ²¹¹8&

93 867 195 928 Insanos·
202 866 245 930 qui
254 866 314 915 inter
324 882 415 915 vetem
424 867 521 916 insanin
530 866 617 916 baberi.
730 867 763 916 to

92 931 203 980 Primum
213 946 270 980 nam
279 932 406 996 inquiram,
417 933 474 996 quid
487 933 517 981 sit
528 931 605 980 tuen
610 949 619 992 ;
635 931 680 980 hoo
690 931 710 981 ai
719 933 774 982 erit*

191 997 217 1044 in
228 1004 251 1044 te

93 1061 157 1121 Solo,
169 1061 204 1109 nil
215 1061 287 1122 verbi,
298 1077 377 1125 pereas
387 1061 444 1126 quin
455 1059 550 1120 fortiter,
561 1061 654 1110 addam.

92 1125 174 1185 Quem
184 1127 247 1174 mala
258 1127 362 1186 stultitia,
375 1136 401 1175 et·
408 1133 578 1190 quemcumque
588 1126 678 1190 inscitia
689 1127 736 1175 veri

91 1191 187 1240 cneum
198 1191 255 1254 agit,
266 1191 374 1240 insanum
385 1190 510 1254 Chrysippi
519 1191 621 1254 porticus
632 1201 655 1240 et
665 1205 722 1254 grex

90 1260 218 1304 Aunmrat.
241 1256 301 1304 Hac
307 1257 414 1320 populos,
422 1255 472 1302 haec
477 1269 575 1317 magnos
581 1255 762 1320 formulareges,

90 1319 199 1384 Exoepto
210 1321 320 1384 sapiente,
331 1329 402 1368 unet
423 1320 496 1367 Nunc
506 1319 590 1383 aoaipe,
602 1336 674 1384 quare
728 1322 762 1368 46

91 1383 215 1448 Desipiant
225 1399 305 1434 omnes
316 1401 381 1449 teque
391 1401 418 1434 ao
427 1392 462 1444 tu,
474 1383 515 1448 qui
526 1383 568 1432 tibi
578 1399 663 1433 nomen

90 1449 179 1498 Insano
189 1451 294 1513 posuere.
316 1449 390 1498 Velut
400 1449 471 1506 silvis,
483 1449 525 1496 ubi
535 1449 622 1512 passim

90 1514 202 1563 Palenses
213 1530 275 1564 error
284 1523 346 1564 serto
356 1515 386 1563 de
395 1513 487 1562 tramite
497 1513 572 1576 pellit,

89 1579 136 1628 llle
147 1579 311 1642 sinistrorsun
322 1580 361 1628 hio
371 1579 515 1628 dextrorsum
526 1579 587 1637 abit;
599 1595 661 1629 unus
668 1578 762 1644 utrique

89 1644 171 1703 Error,
183 1643 223 1694 sed
234 1645 302 1693 variis
310 1645 388 1693 illudit
397 1644 515 1709 partibuer
530 1644 575 1692 hot
586 1654 609 1693 te
728 1643 758 1691 ol

89 1707 165 1758 crede
175 1709 246 1758 modo
255 1709 379 1767 insanum
396 1709 470 1756 nihilo
480 1717 508 1756 ut
517 1709 640 1772 sapientior
649 1710 697 1768 ille,

89 1772 141 1833 Qui
152 1782 175 1822 te
184 1773 281 1835 deridet,
293 1774 391 1823 eandam
401 1773 486 1822 tralrat.
511 1773 556 1820 Est
565 1789 638 1837 genus
649 1789 724 1823 unum

88 1837 202 1887 stultitia
211 1837 312 1886 nihilum
321 1838 447 1887 metuenda
457 1837 574 1894 timentist
591 1848 619 1886 ut
628 1839 701 1902 ignes,

87 1903 125 1952 Ut
134 1917 205 1966 rupes
215 1902 352 1968 fluviosque,
363 1904 388 1952 in
399 1917 481 1966 campo
490 1905 580 1952 obstare
590 1911 714 1966 queraturs
727 1906 759 1951 55

87 1967 211 2026 Alterum,
219 1975 242 2015 et
249 1967 305 2016 huie
312 1966 427 2032 [varium]
438 1975 461 2015 et
470 1966 544 2014 nihilo
550 1967 684 2030 sapientius,
695 1969 760 2034 ignes

87 2031 136 2081 Per
145 2032 236 2080 medios
246 2032 374 2098 fluviosque
384 2031 486 2081 ruentiss
503 2031 587 2080 elamet
597 2033 671 2082 emisa

86 2095 178 2157 Mater,
189 2096 286 2146 honoeta
296 2113 366 2157 soror,
377 2111 433 2147 oum
442 2096 553 2160 cognatis,
564 2107 637 2173 pater,
648 2113 723 2155 uxore

86 2162 364 2226 Hiofossaeatingenai
381 2162 628 2226 hiompesmaxrmal
647 2162 725 2211 ursa!

87 2227 145 2276 Non
156 2227 233 2290 magis
243 2227 349 2287 audierit,
361 2241 433 2293 quam
444 2227 526 2276 Fufius
537 2227 612 2275 ebrius
622 2227 688 2286 olim,
727 2228 760 2275 (50

87 2292 152 2341 (lum
163 2291 266 2340 Ilionam
277 2292 392 2350 edormit;
410 2291 511 2341 Catienis
520 2291 586 2340 mille
596 2291 708 2351 ducentis,

87 2356 176 2417 Mater,
188 2365 212 2405 te
222 2356 323 2421 appello,
334 2357 494 2406 dementibus.
517 2356 582 2404 Huic
592 2371 634 2419 ego
645 2357 744 2421 vulgum

86 2421 168 2472 Errori
178 2421 279 2469 similem
285 2431 400 2472 'uinctum
410 2421 510 2470 unauna
520 2420 612 2470 docebo.

87 2487 180 2535 Insanit
189 2495 276 2535 veteres
287 2495 373 2536 ststnas
383 2486 543 2550 Darnesippna
553 2485 665 2534 emendo:

87 2551 184 2614 Integer
193 2559 227 2599 est
237 2553 322 2600 mentis
332 2551 471 2614 Damasippi
481 2551 597 2600 creditor?
614 2559 662 2598 esto
668 2567 677 2608 ς
728 2551 760 2596 65

87 2614 187 2679 Aonipe‚
198 2616 263 2680 quod
272 2631 395 2682 nunquam
405 2615 488 2664 reddas
498 2615 566 2676 mihi,
577 2614 597 2664 si
607 2613 651 2662 tibi
661 2613 744 2668 dinam,

88 2679 502 2746 Tuneiusanussriasieooeperis?
518 2679 732 2742 anmngisexm
