1842 2920
263 135 268 148 ·
313 135 600 186 emereamur.
742 133 804 202 rra:
829 169 831 172 .

120 267 178 326 Quo
187 275 255 330 pacto
265 275 341 330 partes
350 267 438 315 tutetur
446 265 545 314 amantis
555 263 653 328 ephebi3
744 263 788 320 171

120 332 158 379 Ut
167 331 239 393 patria
250 331 345 387 attenti3
362 331 451 379 lenonia
462 339 488 378 ut
498 329 616 384 insidioei3
787 329 790 336 ’

121 395 232 454 Quantus
242 396 272 444 ait
282 395 417 444 Dossennus
428 395 535 443 edacibus
545 395 569 442 in
581 392 687 455 parasitis
696 409 704 454 ;

121 459 203 518 Quam
213 473 260 508 non
269 460 376 508 adsuicto
386 467 503 523 percurrat
512 459 604 522 pulpita
614 473 686 506 socco.

121 524 199 572 Geatit
214 525 277 577 enim
292 539 418 572 nummum
434 525 459 572 in
477 523 564 572 loculos
580 521 714 580 demittam
739 531 792 643 pqet

218 589 270 649 hoc,
686 629 688 633 ⁴
744 589 756 634 l
775 590 791 634 ὅ

121 653 230 714 Securus,
242 655 309 703 cadat
318 669 349 703 an
358 663 420 704 recto
430 661 475 704 stet
484 654 564 703 fabula
574 655 628 702 talo.

122 717 202 776 Quem
213 719 267 766 tulit
276 720 306 767 ad
317 735 409 767 scenam
419 727 513 768 ventoso
522 719 596 781 gloria
606 733 694 778 curru,

121 783 252 830 Exarfimat
261 784 337 832 lentua
348 792 468 848 spectator,
480 785 573 832 sedulus
580 783 658 830 instat.

121 847 162 894 Sic
168 846 227 906 leve,
235 849 268 896 sic
274 865 373 912 parvum
381 858 424 909 eat,
431 847 537 896 animum
545 847 608 912 quod
615 845 691 896 lairdia
696 861 792 897 avarum

122 911 220 959 Subruit
228 929 255 963 ac
265 913 344 961 reficit.
362 914 447 962 Valeat
457 927 493 960 reo
503 912 601 970 ludicra,
612 911 632 960 ai
642 927 680 961 me
746 914 793 960 181)

122 975 209 1023 Palma
219 986 301 1040 negata
311 991 424 1037 macrum,
435 977 520 1025 donata
529 977 618 1025 reducit
628 978 741 1040 opimum.

122 1041 190 1102 Saepe
200 1041 269 1089 etiam
283 1043 392 1090 audacem
404 1043 471 1106 fugat
480 1042 524 1090 hoo
534 1050 648 1105 terretque
657 1043 760 1106 podtam,

123 1105 197 1164 Quod
207 1121 303 1154 numero
313 1109 401 1171 plures,
413 1108 497 1154 virtute
507 1115 530 1154 et
539 1106 625 1154 honore
635 1107 743 1168 minores,
803 1123 805 1134 ⁴

123 1169 217 1218 Inducti
227 1171 358 1236 stolidique,
371 1180 394 1219 et
404 1171 537 1234 depugnare
546 1171 629 1232 parati,

122 1233 150 1282 Si
160 1234 272 1283 discordet
277 1250 360 1300 eques,
372 1235 449 1282 media
458 1236 519 1283 inter
526 1235 627 1282 carmina
637 1240 735 1298 poscunt
746 1236 793 1284 185
817 1265 820 1269 .

70 1319 72 1326 ·
123 1298 178 1346 Aut
188 1315 268 1354 ursum
279 1310 321 1348 aut
333 1301 439 1364 pugiles:
457 1300 493 1348 hia
504 1313 559 1346 nam
569 1300 689 1362 plebecula
698 1301 792 1364 gaudet.

123 1363 215 1411 Varum
225 1365 398 1430 equiti-quoque
406 1366 456 1426 jam
466 1363 574 1427 migravit
584 1366 613 1412 ab
623 1379 680 1412 aure
687 1365 794 1428 voluptas

124 1427 211 1476 Omnia
222 1429 253 1476 ad
263 1429 360 1478 incertos
370 1430 448 1478 oculos
459 1437 482 1478 et
490 1429 576 1492 gaudia
586 1443 651 1476 vana.
668 1461 669 1466 ,
685 1453 688 1459 ·

123 1491 242 1550 Quattuor
252 1502 294 1542 aut
303 1496 381 1558 plures
388 1493 462 1542 aulaea
471 1501 607 1557 premuntur
616 1494 642 1540 in
651 1493 727 1554 horas,
803 1509 804 1512 ’

123 1557 192 1605 Dum
202 1557 296 1622 fugiunt
307 1559 412 1623 equitum
422 1567 513 1618 turmae,
522 1558 673 1622 peditumque
684 1568 792 1607 catamare

124 1621 187 1670 Mox
197 1623 297 1671 trahitur
306 1624 416 1672 manibus
426 1638 507 1686 regum
518 1624 610 1670 lortrrna
620 1624 709 1672 retortia
718 1640 726 1682 3
746 1624 791 1672 191

124 1687 214 1736 Esaeda
224 1687 341 1749 festinant,
353 1689 448 1752 pilenta,
459 1687 576 1751 petorrita,
587 1701 671 1745 navea3

124 1751 252 1815 Gaptivum
262 1761 366 1816 portatur
377 1755 441 1812 abur,
453 1753 544 1816 captiva
554 1751 686 1801 Corinthus.

124 1816 152 1865 si
162 1816 221 1864 foret
231 1817 256 1864 in
267 1818 340 1876 terrio,
352 1817 436 1865 rideret
445 1817 600 1877 Democritus,
613 1831 654 1864 aeu

123 1879 253 1929 Diversum
263 1882 358 1930 confusa
367 1896 441 1944 genus
450 1881 563 1943 panthera
573 1881 669 1942 camelo,
747 1881 794 1939 lot

124 1945 180 1994 Sive
190 1946 283 2010 elephas
293 1947 368 2006 albua,
380 1946 445 2009 vulgi
455 1955 595 1994 converteret
605 1961 661 1994 orat

124 2011 244 2071 spectaret
254 2011 368 2074 populum
378 2011 440 2058 ludia
450 2011 559 2058 attentius
569 2009 634 2072 ipsis,

122 2075 160 2122 Ut
171 2075 215 2122 aibi
224 2077 365 2137 praebentem
375 2075 449 2124 mimo
458 2075 587 2138 spectacula
596 2075 681 2138 plura:

92 2199 95 2204 Ι
123 2139 251 2201 Scriptores
261 2148 339 2186 autem
350 2155 441 2188 narrare
450 2139 622 2203 putaret-asello

125 2203 248 2252 Fabellam
259 2203 336 2251 surdo.
353 2205 418 2252 Nam
429 2219 481 2268 qua
491 2203 622 2266 pervincere
632 2217 698 2270 roceo
744 2203 795 2252 200

124 2267 243 2316 Evaludra
252 2283 344 2326 sonum,
355 2268 457 2316 referunt
467 2283 537 2332 quem
548 2275 626 2316 nostra
636 2267 745 2316 theatra?
761 2303 765 2310 .

125 2333 263 2396 Garganum
270 2333 361 2395 mugire
371 2342 439 2397 putea
449 2347 540 2393 nemus,
551 2341 592 2380 aut
602 2347 666 2381 mare
674 2332 793 2380 Tuscum:
805 2365 808 2369 -

126 2395 204 2444 Tanto
215 2411 269 2445 cum
279 2397 377 2462 strepitu
387 2398 437 2445 ludi
448 2405 687 2459 spectantiumque

124 2459 418 2526 Divitiaequeperegriuae;
436 2463 521 2526 quibua
532 2462 690 2510 oblituoaotor
834 2510 839 2516 ,

90 2527 96 2544 ‘
125 2525 189 2574 Cum
200 2527 262 2574 stetit
272 2527 298 2574 io
309 2527 385 2587 coeni,
397 2526 511 2576 concurrit
521 2525 618 2574 dextera
625 2527 697 2576 laevae.
746 2525 795 2586 205

38 2599 41 2603 “
124 2589 195 2639 Dixit
210 2589 292 2646 adhue
302 2591 410 2655 aliquid?
433 2591 458 2654 ql
466 2589 509 2640 Nil
525 2605 592 2660 eane..
610 2595 633 2650 11
639 2589 705 2650 Quid
721 2589 801 2654 placet¹

222 2658 320 2719 erue
596 2685 597 2688 κ
