1864 2928
145 127 175 174 ll
383 117 473 167 ODAE.
492 115 513 162 1.
533 113 570 160 15.

176 253 252 304 Fidit:
269 259 306 309 tu,
316 248 361 296 nisi
372 247 445 296 veatia

212 317 291 366 Debes
300 312 438 372 ludibrium,
450 325 512 360 eave·

146 381 231 448 Nuper
241 379 365 429 sollicitum
375 393 429 440 quae
439 373 497 422 mihi
507 370 613 428 mdiuna

147 451 220 500 Nunc
230 443 367 494 desiderium
378 455 479 504 curaque
489 453 537 486 non
546 435 612 494 levia,

180 511 297 562 laterna
306 507 405 555 nitentes
562 541 566 548 .

104 599 109 608 =
211 577 279 626 Vites
289 586 381 636 aquom
392 567 512 634 Cycladas·

406 784 481 834 ODE
498 777 555 830 XV.

267 948 300 994 In
311 945 352 992 M.
363 941 497 990 Antonium
508 941 530 983 et
544 933 701 995 Cleopatram.

153 1093 235 1141 Pastor
245 1105 300 1138 cum
310 1087 409 1136 traheret
419 1099 460 1146 per
470 1081 529 1130 freta
539 1076 637 1126 navibus

152 1157 222 1206 ldoeie
233 1155 349 1203 Helenam
360 1148 460 1214 perfidus
470 1145 595 1208 hospitam,

154 1223 251 1284 Ingrato
262 1219 343 1267 deleres
354 1213 431 1263 obruit
441 1211 489 1260 otio
634 1213 637 1218 '

187 1285 285 1342 Ventos,
296 1290 323 1330 ut
333 1286 423 1328 caneret
433 1277 481 1324 fera

155 1351 246 1400 Nereua
256 1348 311 1396 fata
340 1344 408 1393 Male
418 1340 482 1389 ducis
493 1339 530 1386 uvi
541 1336 647 1396 domum,

155 1415 236 1474 Quam
246 1412 321 1460 multo
331 1416 418 1472 repetet
428 1405 518 1454 Gracia
528 1401 610 1461 milite,

156 1480 285 1540 Conjurata
295 1485 347 1524 tuas
358 1485 465 1536 rumpere
475 1467 578 1532 nuptiae,

188 1545 222 1592 Et
232 1555 330 1606 regnum
341 1536 430 1586 Priami
440 1542 514 1582 vetui.

155 1609 225 1658 Eheu
234 1607 240 1654 Ξ
259 1613 359 1670 quantus
370 1601 444 1666 equis,
455 1605 557 1660 quantus
568 1595 633 1643 adeat
643 1593 698 1643 viris

158 1671 248 1722 Sudor!
267 1671 355 1734 quanta
365 1677 442 1714 moves
453 1663 534 1710 funera
545 1660 661 1708 Dardanae
718 1672 721 1679 “

158 1737 244 1786 Genti!
261 1736 311 1796 jam
322 1733 412 1796 galeam
424 1727 502 1776 Pallas
513 1735 535 1774 et
546 1725 628 1788 aegida,

192 1801 327 1862 Curiusque
337 1805 360 1844 et
371 1794 467 1851 rabiem,
479 1798 552 1855 puae

159 1863 336 1930 Nequidquam,
348 1859 445 1909 Veneria
455 1855 561 1920 prleeidio
570 1853 645 1910 ferox,

159 1932 240 1980 Peetes
251 1927 374 1986 eaeeariem,
386 1931 496 1987 grataque
505 1917 598 1967 feminis

161 1993 256 2044 Imbelli
267 1991 354 2040 cidare
364 1988 467 2036 catulina
476 1985 589 2043 divideae,

193 2056 360 2121 Nequidquam
371 2053 474 2100 thalamo
484 2064 565 2112 graves

162 2125 257 2180 Hastae,
268 2129 291 2169 et
302 2117 385 2167 calami
396 2115 484 2180 spieuln
495 2113 596 2180 Gnoseii,

163 2187 266 2245 vitabis,
278 2184 453 2247 strepitumque,
466 2187 490 2226 et
500 2178 595 2226 celerem
607 2173 672 2238 aequi
683 2181 704 2214 ’-

162 2254 269 2314 Ajacem.
298 2250 399 2304 Tamen,
411 2244 473 2293 heu!
492 2258 554 2292 serus
565 2239 682 2290 adulteros

197 2316 278 2366 Crines
288 2315 383 2376 pulvere
394 2310 494 2358 collinee

163 2381 220 2430 Non
231 2377 379 2434 Laertiaden,
392 2375 491 2424 exitium
502 2385 548 2422 tuae

163 2445 254 2503 Gentis,
266 2443 313 2490 n'on
325 2441 421 2504 Pylium
430 2440 454 2486 N
456 2447 538 2493 estora,
544 2433 659 2500 ,rapicisi

164 2510 189 2559 U
230 2517 256 2556 nt
265 2505 378 2570 impavidi
388 2514 411 2552 te
422 2502 562 2551 Salaminius

223 2587 297 2628 eucer,
309 2579 332 2618 te
343 2569 465 2618 Sthenelus
476 2567 548 2614 sciens

166 2639 266 2701 Pugna,
278 2636 326 2686 eive
336 2649 395 2697 opue
403 2639 438 2682 eet
447 2629 579 2696 imperitare
589 2627 663 2691 equis,
