1842 2920
227 499 269 572 Q.
291 469 498 565 Hoelrn
520 497 689 568 ensccr

135 645 145 656 “
209 729 218 752 s
275 623 629 734 'Erissouneuu

319 843 429 892 LIBER
446 844 590 894 PRIMUS.

347 1103 521 1153 nrrsrons
538 1104 561 1152 1.
626 1071 629 1080 “

347 1233 389 1281 Act
399 1235 567 1296 Mercurium,

118 1359 204 1409 Primi
214 1361 274 1410 dicte
283 1361 350 1419 mihi,
362 1361 455 1410 summi
464 1363 560 1410 dicende
570 1360 691 1422 Camoenl,

117 1427 256 1490 Spectatum
266 1427 329 1486 satis,
341 1435 364 1476 et
374 1427 486 1474 donatum
495 1429 545 1489 J'sm
555 1427 621 1484 rude,
633 1425 725 1490 quterIs,

118 1491 247 1552 Maeeenss,
258 1491 344 1540 iterum
355 1491 451 1555 entique
461 1507 500 1540 me
509 1491 626 1540 includere
636 1491 700 1540 ludo.

117 1555 178 1604 Non
189 1556 269 1604 eedem
280 1564 314 1604 est
325 1565 389 1614 aetes,
400 1571 446 1604 non
457 1571 530 1604 mens.
552 1555 673 1616 Veianius,
684 1555 755 1614 emtis

117 1621 229 1669 Herculis
239 1621 269 1668 etl
279 1629 370 1684 postem
380 1621 442 1680 fixis,
453 1622 510 1677 latet
519 1621 611 1670 abditus
622 1636 686 1684 egro,
774 1621 790 1666 5

118 1685 160 1733 Ne
171 1686 285 1749 populum
296 1685 400 1734 extremi
410 1686 477 1734 toties
487 1695 565 1734 aeret
575 1685 650 1734 areni·

116 1749 173 1810 Est,
183 1749 242 1796 mihi
252 1759 374 1814 prugatam
385 1753 463 1799 erebro
473 1751 515 1814 qui
525 1759 631 1815 personet
642 1765 738 1808 aurem

50 1846 51 1850 =
117 1815 190 1862 Solve
199 1823 353 1863 senescentem
363 1823 455 1863 mature
466 1829 535 1864 senus
545 1830 641 1878 equum,
652 1829 683 1862 ne

118 1879 204 1927 Peseet
214 1879 245 1926 ed
255 1889 385 1928 extremum
396 1879 513 1939 ridendus,
524 1889 548 1929 et
557 1879 598 1927 ilie
607 1879 685 1927 (lueet.

118 1943 193 1992 Nune
203 1943 282 2008 ireque
291 1953 315 1992 et
325 1960 402 1993 versus
413 1953 437 1992 et
446 1953 527 1993 eaeters
536 1943 626 1992 ludicra
635 1958 713 2008 penos
759 1941 790 1992 10

118 2007 188 2068 Quid
197 2024 278 2120 velpum
289 2017 359 2073 etque
369 2009 460 2071 decens,
471 2025 526 2058 euro
536 2017 559 2058 et
569 2023 633 2073 rego,
645 2017 668 2057 et
678 2007 754 2058 omnis
763 2008 789 2056 in

234 2089 261 2122 oc
271 2089 338 2122 sum:

117 2138 203 2189 cnudo
213 2146 236 2186 et
246 2153 367 2202 compono,
379 2154 433 2203 quae
442 2154 502 2188 mox·
510 2139 644 2203 depromere
654 2136 748 2202 possim.

116 2204 166 2259 Ac,
177 2217 208 2252 ne
217 2201 276 2250 forte
286 2219 360 2266 roges,
372 2219 419 2268 quo
429 2219 468 2252 me
478 2204 546 2264 duee,
557 2219 605 2268 quo
614 2203 663 2251 lare
673 2211 751 2264 tute13

117 2267 218 2316 Nullius
228 2267 333 2316 addictus
341 2269 419 2330 jurare
428 2269 454 2316 in
465 2271 535 2318 verbe
545 2267 658 2332 magistri,

116 2332 736 2398 Quomeeumquerepittempestasdeferorhoepese
760 2332 790 2380 15

116 2397 192 2445 Nunc
201 2397 269 2462 ngssis
278 2397 318 2457 lio,
330 2406 354 2445 et
363 2413 450 2446 mersor
460 2397 565 2447 civilibus
575 2397 653 2458 undis,

116 2461 220 2510 Virtutis
230 2477 290 2510 verer
300 2470 385 2523 tustne,
396 2462 531 2526 rigidusque
541 2461 646 2512 satelles:

116 2527 192 2575 Nunc
201 2526 227 2574 in
237 2525 354 2591 Aristippi
364 2527 446 2576 lentim
455 2537 570 2605 precepta
579 2527 676 2589 relabor,

116 2592 153 2640 Et
163 2591 222 2640 milri
232 2607 277 2652 res,
288 2606 335 2640 non
346 2607 385 2640 me
394 2594 472 2652 rebus,
483 2594 624 2656 subjungere
633 2606 710 2640 eonor.

116 2656 154 2705 Ut
163 2670 212 2706 nox
222 2657 300 2721 longe,
312 2656 397 2720 quibus
407 2657 518 2706 mentitur
528 2658 611 2718 amice,
622 2655 717 2723 diesque
757 2655 789 2701 20
