1828 2926
326 115 556 186 sacramus.
731 116 775 166 1⁴1

105 246 184 295 Terra
194 245 256 306 tulit,
267 259 343 310 nsque
353 245 420 310 queis
429 261 469 294 me
479 246 510 295 sit
520 245 646 295 devinctior
656 245 722 294 alter.
747 245 780 298 42

103 311 131 360 0
142 312 149 358 l
167 310 209 374 qui
219 311 370 375 complexus!
385 319 411 358 -et
421 311 508 374 gandia
518 319 606 375 quanta
615 309 727 358 fuerunt!

105 375 152 423 Nil
163 391 206 438 ego
217 375 351 422 contulerim
360 375 465 436 iucrmdo
476 391 545 423 sanus
557 375 638 423 amico.

106 439 221 487 Proxima
233 440 353 504 Campano
363 441 429 504 ponti
440 457 493 504 quse
503 440 594 500 villula,
606 447 693 490 tectum
748 441 780 490 ta

105 503 228 559 Praebuit3
246 512 269 552 et
279 505 381 566 parochi,
393 521 446 568 quae
456 505 541 554 debent
550 505 615 568 ligna
626 507 750 570 salemque

105 569 173 616 Hinc
183 569 243 616 muli
255 569 343 632 Capua
353 569 449 617 clitellas
461 579 563 635 tempore
573 579 670 634 ponunt
693 569 697 576 ‘

105 632 202 680 Lusum
212 633 231 680 it
241 633 368 693 Maecenas,
380 633 507 682 dormitum
517 649 561 698 ego
571 634 746 700 virgiliusque:

105 698 219 761 Namque
230 698 279 760 pili
288 698 358 762 lippis
368 699 489 746 inimicum
501 708 524 746 ct
534 699 613 747 ludere
622 698 707 750 cruda.
789 735 790 738 =

105 761 173 810 Hinc
184 777 225 810 uos
236 763 326 810 Coccefi
336 762 418 828 recipit
427 764 562 827 plenissima
572 763 636 823 villa,
746 765 780 812 bt)

105 827 170 885 Quae
182 842 251 888 super
262 835 295 876 est
306 827 383 875 Caudi
394 843 518 892 cauponas.
540 829 612 876 Nunc
622 827 681 876 mihi
692 827 773 892 paucis

105 891 226 939 Sarmenti
237 905 320 940 scurra
331 906 436 954 pugnam
447 893 571 956 Messique
582 893 671 954 Cicirri,

105 955 190 1015 Musa,
203 956 272 1004 velim
282 971 409 1013 memores3
428 965 451 1003 et
461 972 509 1020 quo
519 965 584 1021 patre
594 965 663 1005 natus
673 965 772 1022 uterque

105 1019 238 1068 Contulerit
247 1021 306 1068 lites.
329 1020 405 1067 Messi
416 1021 504 1068 clarum
515 1037 597 1085 genus,
609 1022 681 1080 Osci;
770 1030 773 1034 '

105 1084 223 1132 Sarmenti
231 1084 326 1132 domina
333 1093 415 1132 exstat.
438 1086 480 1133 Ab
488 1086 525 1133 his
533 1086 659 1148 maioribus
667 1086 712 1134 orti
746 1087 778 1133 55

104 1149 149 1196 Ad
159 1163 265 1212 pugnam
276 1152 372 1197 venerer
391 1149 453 1212 prior
464 1151 607 1212 Sarmentus,
619 1151 685 1215 Equi
696 1160 719 1199 te

104 1213 166 1261 Esse
176 1214 219 1262 feri
229 1213 329 1261 similem
340 1214 398 1261 dico.
423 1214 551 1262 Ridemus:
569 1224 593 1263 et
603 1215 653 1277 ipse

105 1277 220 1338 Messius,
232 1278 330 1341 Accipio
337 1295 345 1336 ;
363 1286 433 1342 caput
445 1285 467 1326 et
477 1288 561 1327 movet
580 1279 620 1328 0!
638 1288 679 1327 tua
690 1295 762 1328 comu

106 1343 142 1390 Ni
152 1342 211 1392 foret
222 1352 312 1390 exsecto
322 1343 395 1402 frons,
407 1343 493 1406 inquit,
505 1343 562 1408 quid
572 1343 664 1404 faceres,
678 1359 733 1392 cum

105 1407 146 1456 Sic
156 1407 254 1455 mutilus
265 1407 396 1466 multaris?
412 1410 449 1454 At
459 1409 495 1455 illi
505 1408 565 1456 foeda
575 1408 669 1457 cicatrix
745 1409 778 1458 60

105 1473 212 1520 Setosam
222 1471 276 1520 laevi
286 1471 385 1520 frontem
396 1480 529 1535 turpaverat
539 1473 593 1520 oris.
764 1521 772 1540 ⁸

105 1536 255 1599 Campanum
264 1537 289 1583 in
297 1539 413 1597 morbum,
421 1537 446 1584 in
454 1537 545 1598 faciem,
554 1538 672 1600 permulta
678 1538 777 1600 jocatus,

105 1603 228 1649 Pastorem
239 1601 333 1650 saltaret
343 1602 378 1649 uti
389 1601 501 1666 Cyclopa,
512 1605 621 1666 rogabam

104 1665 150 1714 Nil
160 1666 196 1713 illi
206 1664 270 1714 larva
281 1674 322 1713 aut
332 1666 424 1730 tragicis
434 1682 493 1730 opus
504 1682 552 1715 esse
561 1667 686 1716 cotlrurnis.

104 1729 187 1778 Multa
194 1730 295 1779 Cicirrus
303 1731 401 1779 adhaec:
420 1730 535 1780 Danisset
541 1733 621 1794 J'amne
628 1742 733 1780 catenam
744 1734 777 1780 65

103 1795 146 1843 Ex
157 1804 211 1843 voto
222 1795 341 1843 Laribus?
358 1799 490 1860 quaerebatt
508 1797 582 1844 scriba
592 1798 655 1861 quod
666 1806 733 1858 esset,

105 1861 165 1908 Nilo
176 1859 276 1909 deterius
287 1859 387 1926 domina
395 1862 434 1922 jus
445 1876 500 1909 esse.
523 1861 633 1924 Rogabat

104 1924 225 1989 Denique,
237 1939 277 1972 cur
288 1940 392 1988 unquam
403 1925 514 1987 fugisset3
532 1925 570 1973 oui
580 1926 635 1974 satis
646 1941 694 1975 una

104 1991 185 2038 Farris
195 1989 256 2036 libra
266 1988 333 2050 foret,
345 1989 426 2053 gracili
436 1989 476 2050 sic,
488 1999 583 2054 tamque
593 1991 696 2054 pusillo?

105 2055 205 2102 Prorsus
214 2053 319 2114 jucunde
329 2070 418 2106 coeuam
428 2055 581 2116 produximus
591 2055 666 2104 illam.
746 2058 778 2114 70

106 2118 239 2167 Tendimus
260 2117 315 2167 hinc
335 2119 397 2168 recti
418 2118 581 2168 Beneventum
587 2138 595 2182 ς
620 2122 661 2170 ubi
683 2121 777 2171 sedulus

203 2183 287 2244 hospes

106 2249 187 2309 Paene,
198 2262 296 2308 macros,
308 2247 372 2307 arsit,
384 2247 462 2296 turdos
473 2247 531 2296 dum
542 2258 617 2299 versat
627 2249 652 2298 in
662 2250 732 2316 ignea

105 2313 171 2362 Nam
182 2327 243 2374 vaga
252 2327 294 2374 per
304 2321 403 2360 veterem
414 2313 504 2376 dilapso
514 2315 610 2362 flamma
620 2316 722 2363 culinam

104 2377 222 2435 Vulcano,
235 2392 354 2426 summum
365 2380 503 2440 properabat
512 2379 613 2426 lambere
624 2387 718 2427 tectum.

105 2442 222 2491 Convivas
233 2441 312 2488 avidos
323 2456 411 2490 cunam
422 2457 543 2506 servosque
554 2443 660 2492 timentes
745 2447 777 2500 75

105 2507 171 2554 'lum
182 2521 271 2568 rapere,
282 2514 353 2568 atque
363 2521 443 2554 omnes
454 2508 595 2570 restinguere
605 2509 673 2570 velle,
682 2509 777 2558 videres.

104 2571 194 2634 Incipit
205 2586 235 2618 ex
244 2570 286 2618 illo
297 2579 388 2619 montes
396 2571 504 2634 Appulia
514 2581 581 2621 notos
618 2567 622 2578 ’

105 2635 232 2685 Ostentare
242 2635 309 2695 milti,
321 2650 379 2698 quos
389 2643 460 2684 torret
469 2637 605 2696 Atabulusg
622 2645 645 2687 et
655 2652 714 2701 quos
