1842 2920
289 81 522 157 umsuo‘nm-..n
542 108 579 158 te.
721 107 769 156 215

92 237 215 288 Virtutem
225 235 330 284 doctrine
339 244 413 300 paret,
425 244 539 284 naturane
548 235 638 284 done?
721 237 770 285 100

92 303 161 362 Quid
171 302 264 350 minuat
274 315 348 359 curas,
360 301 418 364 quid
428 309 452 349 te
461 301 505 350 tibi
515 301 597 350 reddet
607 301 730 350 amicum?

93 367 162 426 Quid
172 383 231 431 pure
240 365 383 430 tranquillet,
394 366 475 427 honos,
485 381 517 414 an
528 366 595 414 dulee
604 366 725 428 lucellum,

92 433 137 480 An
148 439 260 480 secretim
270 431 313 478 iter
324 439 347 478 et
359 431 459 478 fallentis
470 431 552 479 semite
562 431 616 478 vite
625 433 637 478 1

92 495 139 544 Me
150 496 239 560 quoties
249 495 322 544 reficit
332 495 422 558 gelidus
432 496 544 559 Digentia
554 495 626 555 rivus,

92 560 175 620 Quem
186 561 299 608 Mandela
308 559 377 619 bibit,
388 575 486 624 rugosus
495 561 580 623 bigote
590 573 679 623 pagust
721 559 768 606 105

94 625 163 684 Quid
173 625 257 672 sentire
284 627 356 672 utus?
373 625 431 688 quid
441 623 522 685 eredis,
534 625 615 683 emim,
628 623 734 688 precari?

93 689 132 738 Sit
137 689 205 748 mihi,
213 641 283 753 quod
282 703 344 736 nume
352 698 397 748 est3
405 689 475 738 etiam
482 689 576 746 minus3
584 689 672 736 etmihi
681 687 767 748 vivam,

95 753 169 812 Quod
180 763 281 816 supetest
291 754 342 814 mvi,
354 753 375 802 si
385 755 442 818 quid
453 769 570 818 superesse
580 755 662 802 volunt
672 752 722 800 Die

92 818 131 871 Sit
140 820 202 866 bone
209 819 329 877 librorum,
341 826 364 866 et
373 819 471 881 provisae
480 817 554 882 frugis
564 819 588 866 in
600 833 697 878 simum,

94 882 185 946 Gopis;
202 898 247 930 neu
258 883 348 930 fluitem
358 883 435 931 dubie
446 898 486 946 spe
495 883 611 946 pendulus
621 884 691 930 hore.
721 882 768 932 110

94 947 142 995 Sed
153 947 207 996 setis
218 956 251 995 est
261 962 326 994 orme
336 948 430 1006 dotem,
441 963 495 1010 que
505 948 577 996 donat
586 957 610 995 et
620 946 711 995 auferte

95 1011 145 1060 Det
155 1011 288 1125 vitamssodet
298 1027 368 1076 ορατ
385 1026 480 1076 equum
495 1013 531 1059 mi
547 1011 653 1060 animum
665 1011 715 1075 ipse
725 1026 768 1076 pa·

192 1091 219 1125 18
378 1112 381 1118 .

294 1270 471 1322 EPISTOLA
487 1271 561 1322 XIX.

322 1403 364 1450 Ad
375 1404 541 1452 Macenaum.

94 1531 175 1581 Primo
185 1531 204 1580 si
214 1530 295 1592 medis,
308 1529 426 1579 Maecenas
436 1531 509 1592 docte,
521 1531 626 1593 Cratino,

93 1596 171 1644 Nulla
181 1597 269 1660 plaeere
279 1597 321 1644 diu
331 1611 374 1644 nee
384 1596 459 1645 vivere
470 1597 572 1645 earmina
581 1605 686 1661 possunt,

94 1660 158 1720 Quae
168 1661 299 1710 scribuntur
309 1676 376 1724 sque
386 1661 520 1724 potoribus:
538 1671 565 1710 ut
575 1663 637 1710 male
647 1676 715 1719 senos

93 1725 226 1788 Adseripsit
237 1727 309 1774 Liber
320 1725 408 1789 Satyxis
419 1726 553 1788 Faunisque
563 1727 652 1789 potes,

93 1790 161 1838 Vine
170 1790 217 1838 fere
227 1791 306 1838 dulces
317 1791 424 1838 oluerunt
433 1805 503 1838 mene
513 1791 637 1839 Gemoenae.
750 1792 766 1836 5

93 1854 220 1903 Laudibus
231 1856 335 1918 arguitur
345 1855 394 1903 vini
405 1855 498 1904 vinosus
509 1855 642 1903 Homerum

92 1919 189 1968 Ennius
198 1919 247 1983 ipse
257 1929 323 1982 peter
330 1933 460 1983 nunquam,
472 1919 517 1968 nisi
527 1929 606 1983 putus5
616 1920 646 1966 ad
656 1933 721 1968 arms

93 1983 207 2032 Prosiluit
218 1984 321 2033 dicende.
340 1987 357 2020 ‘⁴
370 1984 458 2039 Forum
469 1985 594 2048 puteaique
605 1983 703 2033 Libonis

92 2047 218 2096 Mendnbo
228 2049 308 2106 sieeist
326 2049 429 2098 adimam
439 2058 531 2098 eantare
541 2049 624 2098 severis
633 2051 659 2097 =’'

92 2113 148 2162 Hoc
159 2113 231 2161 simul
241 2113 323 2174 edixit,
334 2129 380 2162 non
392 2115 508 2162 cessavere
518 2114 593 2176 pottae
737 2112 768 2160 10

92 2178 120 2226 N
120 2186 219 2226 octurno
229 2187 314 2226 emme
324 2193 397 2238 meru,
408 2188 490 2242 putere
500 2179 590 2226 diurno.

93 2241 181 2302 Quid?
199 2241 356 2306 siquisvuitu
368 2243 514 2303 munsterus,
525 2243 696 2306 etpedenudo‚
736 2220 738 2225 .
823 2209 827 2214 1
909 2309 912 2322 ¹

92 2307 243 2370 Exiguaeque
254 2315 314 2369 togae
324 2307 418 2356 simulet
428 2315 517 2355 textore
525 2308 647 2366 Catonem,

92 2371 245 2420 Vintutemne
255 2379 402 2434 representet
411 2386 533 2435 moresque
544 2371 661 2420 Catonis?

92 2435 173 2498 Rupit
183 2435 298 2484 Iarbitam
308 2435 443 2499 Timagenis
453 2437 539 2483 emula
548 2436 638 2500 lingue,
739 2435 769 2482 15

90 2499 162 2547 Dum
174 2499 252 2548 studet
262 2503 374 2560 urbanus,
385 2499 504 2563 tenditque
514 2500 621 2560 disertus,
632 2499 721 2550 heberi.

92 2563 193 2628 Decipit
203 2565 321 2630 exetnpler
331 2564 393 2613 vitiis
403 2563 516 2612 imitabile
524 2583 531 2613 t
549 2565 613 2629 quod
623 2565 643 2613 si

91 2628 214 2679 Pnilerem
225 2645 288 2692 essu,
299 2629 406 2680 biberent
415 2643 531 2692 exsangue
541 2630 670 2680 cuminum.
